2030 3439
833 365 884 402 57

79 489 211 527 iratos
258 498 385 527 canes
433 487 620 536 remedii,
666 488 788 535 idque
831 499 941 537 ergo,
987 491 1208 536 tamquam
1251 490 1301 527 ab
1344 490 1434 538 ipso
1478 490 1631 537 Ulysse

79 565 314 613 inventum,
349 565 580 610 utcumque
612 564 830 602 insereret.

142 696 222 734 122
265 706 326 743 sq.
375 696 475 744 „Dic
516 696 623 733 mihi
666 697 826 734 domini
859 697 921 735 tui
954 707 1130 744 nomem
1166 698 1345 735 fortasse
1379 697 1490 735 onim
1527 697 1628 734 mihi

79 772 205 809 notus
247 772 324 819 est,
371 772 430 809 ita
473 773 519 809 ut
561 771 611 809 de
654 782 701 809 eo
745 772 941 810 nuntium
986 773 1136 810 afferre
1175 771 1378 819 possimss'
1414 772 1493 809 Vix
1528 772 1631 809 haee

77 847 290 885 dicentem
323 846 537 884 Eumaeus
570 846 784 894 hospitem
817 847 980 884 audivit
1012 857 1107 885 cum
1143 847 1379 885 exclamat-1

315 916 345 959 ὦ
376 919 504 972 γέρον,
537 919 584 959 οὔ
618 937 671 967 τις
704 925 834 959 κεῖνον
867 921 966 971 ἀνὴρ
1000 921 1240 971 ἀλαλημένος
1273 921 1401 960 ἐλθὼν

315 994 509 1048 ἀγγέλλων
540 996 680 1034 πείσειε
713 997 880 1047 γυναῖκά
913 1012 948 1035 τε
980 997 1044 1034 καὶ
1077 998 1193 1045 φίλον
1224 997 1323 1035 υἱόν.

138 1073 232 1111 Iure
274 1072 343 1111 hic
383 1086 450 1109 κεν
493 1073 755 1121 desideratis,
795 1074 868 1111 sed
902 1074 1010 1121 quod
1042 1074 1276 1122 proponitis
1309 1073 1342 1111 εἰ
1373 1077 1459 1121 (pro
1493 1072 1553 1117 οὐ)
1589 1076 1633 1111 ut

78 1149 135 1186 sit
175 1148 364 1196 optantis
407 1148 677 1197 exclamatio,
723 1149 762 1186 id
801 1149 905 1187 mihi
940 1149 1064 1187 huius
1098 1150 1176 1187 loci
1210 1159 1293 1187 non
1326 1159 1420 1187 esse
1452 1149 1630 1186 videtur.

78 1224 228 1272 Sperat
258 1223 347 1262 fore
379 1223 594 1262 Eumaeus
625 1226 673 1262 ut
699 1224 897 1262 nuntium
926 1225 976 1262 de
1003 1225 1159 1271 Uiysse
1187 1224 1338 1262 afferat
1365 1224 1530 1272 aliquis,
1559 1224 1632 1261 sed

77 1301 222 1338 utrum
255 1299 326 1337 ille
358 1309 506 1337 errans
537 1300 683 1337 Veniat
716 1310 769 1337 an
802 1299 995 1338 consulto
1029 1300 1154 1337 huius
1187 1300 1247 1338 rei
1274 1300 1412 1347 gratia
1439 1300 1632 1337 Ithacam

78 1375 251 1422 naviget
283 1377 325 1413 et
361 1377 507 1414 utrum
540 1376 748 1424 Penelope
780 1375 907 1413 fidem
942 1377 978 1414 ei
1011 1376 1165 1413 habeat
1197 1387 1251 1414 an
1282 1386 1377 1423 non,
1414 1376 1469 1413 nil
1500 1377 1630 1423 curat,

77 1451 307 1490 dummodo
341 1462 491 1490 verum
518 1452 650 1490 fuisse
678 1451 877 1489 nuntium
906 1462 1007 1489 mox
1035 1454 1248 1499 appareat.
1277 1451 1482 1499 Equidem
1510 1451 1631 1488 lonis-

78 1526 190 1565 sima
222 1527 521 1565 emendatione
554 1527 615 1565 sic
647 1527 847 1575 legerim:

475 1597 508 1646 ὦ
540 1601 667 1652 γέρον,
700 1600 747 1639 οὔ
779 1616 845 1639 κεν
878 1605 1007 1639 κεῖνον
1040 1600 1139 1650 ἀνὴρ
1172 1600 1244 1638 κτέ.

142 1678 252 1726 „Vir,
297 1679 380 1727 qui,
425 1680 473 1717 ut
513 1680 572 1726 tu,
618 1679 879 1717 errabundus
923 1680 978 1722 (et
1020 1678 1203 1715 mendici
1237 1678 1423 1725 speciem
1457 1687 1555 1724 prae
1588 1688 1633 1713 so

78 1753 232 1799 ferens)
266 1755 316 1792 de
348 1754 519 1802 Ulyssis
552 1755 689 1792 reditu
717 1754 885 1792 nuntiet
912 1754 1081 1801 aliquid7
1112 1753 1221 1790 haud
1250 1753 1372 1790 facile
1402 1752 1634 1799 Penelopae

79 1830 369 1868 narrationem
407 1840 532 1868 suam
565 1830 733 1878 probet:
768 1829 875 1867 satis
908 1830 993 1867 iam
1027 1829 1097 1866 illa
1131 1829 1181 1866 ab
1215 1828 1422 1866 eiusmodi
1456 1827 1632 1865 homini-

80 1904 158 1943 bus
190 1906 366 1954 decepta
398 1907 505 1944 est.”

143 2039 224 2077 135
257 2049 319 2086 sq.
373 2037 398 2089 ἢ
430 2037 497 2076 τόν
529 2035 559 2089 γ’
596 2037 637 2076 ἐν
669 2038 798 2092 πόντῳ
826 2035 973 2088 ’φάγον
1007 2037 1154 2087 ἰχθύες,
1185 2034 1296 2074 ὀστέα
1329 2032 1364 2073 δ’
1403 2035 1525 2073 αὐτοῦ

374 2116 495 2151 κεῖται
527 2111 578 2151 ἐπ’
616 2112 779 2163 ἠπείρου
811 2111 883 2150 κτὲ.

138 2189 250 2228 Num
282 2190 505 2228 ferendum
539 2189 651 2227 istud
684 2187 806 2226 αὐτοῦ
840 2188 1055 2226 censetis?

141 2321 222 2360 287
347 2317 422 2359 ἀλλ’
461 2320 520 2359 ὅτε
553 2318 601 2369 δὴ
635 2317 776 2370 ὄγδοόν
809 2334 874 2369 μοι
907 2317 1166 2368 ἐπιπλόμενον
1197 2317 1278 2365 ἔτος
1311 2312 1409 2368 ἦλθε

139 2398 323 2437 Versum
355 2395 520 2447 ἄμετρον
552 2396 819 2445 lepidissima
851 2395 1147 2434 emendatione
1180 2395 1241 2433 sic
1274 2394 1506 2442 corrigitis:

346 2469 422 2511 ἀλλ’
459 2471 519 2511 ὅτε
551 2472 600 2522 δή
633 2486 698 2522 μοι
730 2470 988 2520 ἐπιπλόμενον
1019 2468 1132 2516 ἱὲτος
1165 2468 1306 2521 ὄγδοον
1339 2464 1446 2520 ἦλθε.

139 2548 310 2588 Certam
353 2549 540 2587 dicerem
571 2549 654 2586 nisi
685 2547 926 2586 dubitarem
958 2547 1089 2585 etiam
1122 2546 1172 2584 de
1204 2546 1283 2584 hoc
1315 2546 1541 2583 verborum
1573 2555 1633 2583 or-

80 2625 188 2672 dine,
223 2625 295 2672 qui
325 2625 402 2663 vix
433 2624 688 2662 Homericus
719 2623 899 2660 videtur.

139 2756 221 2794 457
257 2765 347 2803 sqq.
399 2753 468 2801 νὺξ
501 2751 537 2793 δ’
574 2751 630 2804 ἄρ’
667 2752 813 2803 ἐπῆλθε
845 2751 945 2801 κακὴ
979 2750 1244 2801 σκοτομήνιος·
1277 2746 1321 2789 ὗε
1354 2747 1390 2789 δ’
1426 2748 1501 2801 ἄρα
1536 2748 1634 2795 Ζεὺς

398 2829 609 2880 πάννυχος,
642 2827 764 2878 αὐτὰρ
797 2826 855 2866 ἅει
890 2825 1069 2877 Ζέφυρος
1103 2825 1218 2878 μέγας
1251 2823 1335 2864 αἰὲν
1369 2824 1550 2875 ἔφυδρος.

400 2901 498 2944 τοΐσ’
529 2901 715 2951 Ὀδυσεὺς
747 2901 946 2954 praeferas
979 2901 1181 2953 συφόρβοο
1214 2901 1458 2952 πειρητίζων,
1488 2899 1560 2940 κτέ.
