2030 3439
1124 379 1176 416 78

373 507 439 544 vel
483 507 566 544 alia
607 505 789 552 quadam
833 503 1036 541 facultate
1080 504 1243 541 ceteros
1286 514 1436 542 omnes
1478 505 1623 543 vincat
1655 507 1932 554 superetque:

373 583 414 620 in
463 592 545 629 qua
589 581 703 618 onim
747 589 790 617 re
832 578 959 616 multi
1003 578 1217 616 coniuncti
1259 579 1419 618 frustra
1460 580 1671 618 desudant
1712 581 1820 620 hanc
1863 581 1934 620 ille

372 658 494 695 facile
548 658 590 694 et
636 655 751 693 nullo
799 654 968 702 negotio
1015 655 1193 701 peragit.
1244 654 1400 703 Quodsi
1447 656 1541 703 quis
1588 654 1672 707 ῥεῖα
1718 655 1935 695 λανθάνειν

372 733 536 780 (licitur,
571 733 731 778 quanta
763 731 854 768 eius
887 729 943 767 sit
975 729 1182 768 velocitas
1209 730 1436 768 observare
1463 731 1680 769 iubemur:
1710 731 1798 770 iam
1826 732 1933 780 elap-

372 819 446 846 sus
488 810 579 846 erat
621 809 663 845 et
704 806 849 855 procul
892 805 1055 844 abierat
1097 816 1194 843 cum
1239 806 1389 844 abesse
1427 817 1525 844 eum
1560 808 1689 845 ceteri
1722 807 1932 846 viderunt.

371 883 447 921 Dei
489 884 634 920 autem
672 883 738 920 est
770 880 852 931 ῥεῖα
886 879 1062 918 λαθόντα
1096 881 1236 928 aliquo
1270 882 1426 930 venire,
1462 883 1506 920 in
1538 883 1664 921 aedes
1696 884 1932 932 penetrare,

372 960 511 997 subito
545 959 671 997 alicui
704 959 920 997 assistere.
955 957 1076 995 Multi
1109 957 1307 995 homines
1340 958 1494 996 alicubi
1528 960 1696 1007 adsunt,
1732 960 1934 998 excubias

373 1038 504 1083 agunt
542 1035 678 1073 aliove
709 1035 836 1073 modo
870 1034 1057 1081 aliquem
1089 1033 1232 1072 locum
1266 1035 1533 1083 custodiunt3
1568 1036 1672 1074 deus
1705 1037 1852 1074 tamen
1885 1046 1935 1074 ea

371 1111 574 1149 facultate
623 1112 688 1148 est
729 1110 946 1158 praeditus
988 1110 1036 1147 ut
1077 1107 1160 1159 ῥεῖα
1203 1108 1340 1147 λαθών
1385 1111 1549 1149 ceteros
1593 1111 1819 1149 confestim
1861 1112 1935 1150 uni

372 1198 518 1225 eorum
547 1188 761 1235 appareat.
796 1186 935 1223 Homo
969 1185 1073 1222 illud
1104 1185 1220 1223 nullo
1253 1186 1379 1223 modo
1412 1186 1551 1224 facere
1577 1188 1800 1236 potuisset,
1831 1187 1934 1225 deus

372 1274 471 1301 vero
513 1273 597 1301 non
639 1263 779 1300 solum
821 1262 924 1300 facit
965 1261 1039 1298 sed
1083 1261 1214 1299 etiam
1256 1261 1391 1300 facile.
1433 1261 1534 1310 Quis
1567 1263 1713 1300 autem
1745 1273 1935 1310 unquam

372 1339 613 1378 velocitatis
641 1348 743 1376 suae
771 1338 886 1376 dedit
913 1336 1219 1375 documentum
1246 1337 1425 1375 lacrima
1452 1325 1766 1385 abstergenda?
1790 1337 1934 1376 Cuius-

372 1415 437 1452 vis
470 1414 657 1453 hominis
685 1415 751 1452 est
783 1414 843 1451 ita
875 1413 977 1451 illud
1005 1413 1144 1452 facere
1172 1415 1220 1452 ut
1246 1424 1373 1452 nemo
1402 1414 1566 1452 videat:
1595 1424 1680 1452 non
1707 1415 1936 1463 requiritur

373 1491 423 1528 ad
457 1491 559 1528 illud
592 1490 812 1538 negotium
846 1489 949 1527 deus
982 1490 1050 1527 vel
1082 1490 1211 1528 homo
1239 1490 1303 1528 dis
1331 1490 1509 1527 amicus.
1539 1489 1626 1528 Aut
1653 1500 1751 1538 ergo
1779 1491 1934 1529 vitium

373 1568 440 1605 hic
481 1567 586 1605 latet
631 1566 673 1603 in
705 1564 788 1615 ῥεῖα
819 1562 957 1603 λαθὼν
983 1561 1190 1615 Ἐύμαιον,
1219 1566 1293 1603 aut
1324 1565 1467 1603 verbis
1499 1565 1583 1602 illis
1617 1565 1719 1603 olim
1752 1566 1847 1604 libri
1878 1566 1934 1604 la-

373 1653 481 1681 cuna
513 1643 579 1680 est
611 1641 799 1689 impleta,
835 1642 908 1678 aut
942 1641 1121 1688 denique
1148 1640 1484 1679 venustissimae
1511 1641 1770 1679 narrationis
1796 1643 1934 1690 poeta,

372 1719 474 1756 dum
517 1718 740 1765 diligenter
782 1717 944 1755 vetusti
984 1717 1097 1754 vatis
1140 1727 1385 1754 sermonem
1423 1716 1619 1755 imitatur
1650 1727 1735 1754 non
1767 1727 1937 1765 semper

372 1795 568 1833 accurate
601 1793 869 1841 singulorum
905 1792 1212 1831 vocabulorum
1244 1792 1595 1840 formularumve‚
1631 1802 1738 1839 quae
1765 1792 1935 1830 aliunde

372 1870 646 1918 deprompsit,
680 1868 772 1906 vim
805 1868 1040 1916 perpendit.

432 2023 516 2060 313
549 2021 609 2059 De
642 2021 791 2059 eodem
824 2030 927 2058 cane
958 2020 1174 2058 Eumaeus
1206 2020 1329 2059 dicit:

656 2096 687 2134 εἰ
718 2091 864 2134 τοιόσδ’
900 2095 957 2146 εἴη
991 2092 1088 2146 ἠμὲν
1121 2093 1240 2145 δέμας
1272 2092 1343 2146 ἠδὲ
1373 2093 1438 2133 καὶ
1471 2093 1563 2146 ἔργα
1593 2092 1666 2133 κτέ.

431 2175 511 2212 Hic
542 2183 619 2211 vos
653 2183 751 2211 cum
783 2171 989 2219 Knightio
1018 2168 1088 2221 ἠδέ
1113 2185 1151 2209 τε
1176 2168 1300 2222 ,Ρέργα
1326 2171 1482 2218 legitis.
1513 2171 1668 2219 Satius,
1697 2171 1746 2208 ut
1772 2171 1930 2219 opinor,

372 2249 499 2287 fuerit
540 2248 646 2286 nihil
683 2249 864 2295 mutare,
898 2248 946 2284 ut
979 2247 1111 2284 etiam
1144 2257 1165 2285 e
1197 2246 1346 2284 literae
1378 2245 1576 2283 Aeolicae
1609 2245 1775 2283 defectu
1809 2256 1931 2294 appa-

372 2326 463 2362 reat
505 2323 929 2372 praestantissimum
967 2323 1079 2360 hunc
1110 2322 1252 2360 locum
1285 2332 1310 2359 a
1341 2321 1575 2359 recentiore
1606 2322 1733 2368 poeta
1765 2331 1932 2370 compo-

372 2400 517 2437 situm.
552 2400 661 2437 Nam
690 2396 758 2448 ἡὸέ
784 2412 821 2436 τε
848 2398 1089 2445 legitimam
1119 2407 1213 2435 esse
1241 2397 1549 2445 particularum
1577 2397 1932 2444 compositionem

372 2475 446 2513 vix
479 2476 614 2514 credo.

432 2626 516 2664 330
544 2636 633 2672 sqq.
663 2625 944 2663 Telemachus
972 2626 1167 2664 omnium
1194 2625 1358 2674 primus
1381 2624 1793 2673 appropinquantem
1814 2624 1931 2662 videt

373 2702 610 2739 Eumaeum
642 2702 832 2747 nutuque
866 2701 917 2738 ad
951 2711 996 2738 se
1029 2702 1177 2739 vocat:

1070 2774 1090 2815 ὃ
1123 2774 1164 2815 δὲ
1195 2776 1402 2826 παπτήνας
1433 2774 1490 2815 ἕλε
1523 2776 1667 2828 δίφρον

607 2851 799 2902 κείμενον,
830 2850 930 2889 ἔνθα
961 2865 999 2889 τε
1031 2851 1186 2904 δαιτρὸς
1219 2850 1391 2901 ἐφίζεσκε
1421 2850 1514 2903 κρέα
1545 2850 1669 2890 πολλὰ

609 2927 814 2977 δαιόμενος
846 2931 1059 2977 μνηστῆρσι
1091 2925 1213 2976 δόμον
1244 2926 1340 2965 κάτα
1374 2924 1654 2977 δαινυμένοισι·
