2030 3439
897 320 950 356 ΩΤ)

397 442 601 494 μερμήριζε
633 438 669 480 δ’
707 438 833 491 ἔπειτ’,
864 440 1025 492 ἐδόκησε
1058 440 1100 480 δέ
1131 443 1198 481 fet
1229 442 1326 481 κατὰ
1357 443 1492 493 θυμὸν

383 516 462 569 ἤδη
492 516 764 570 γιγνώσκουσα
794 517 1080 568 παρεστάμεναι
1110 520 1319 568 κεφαλῆφι.

209 595 262 633 95
382 595 545 645 χλαῖναν
576 590 647 643 μὲν
679 591 852 632 συνελὼν
883 591 948 630 καὶ
978 592 1093 642 κώεα,
1123 595 1245 631 τοῖσιν
1281 591 1435 643 ε’νηῦδε,

383 667 421 716 ἔς
452 667 622 721 μέγαρον
652 666 869 718 κατέθηκεν
900 666 963 707 ἐπὶ
993 667 1159 720 θρόνου,
1191 667 1231 707 ἐκ
1262 665 1304 706 δὲ
1335 668 1470 719 βοείην

378 740 495 795 ’θῆκε
525 744 674 794 θύραζε
705 742 850 795 φέρων,
878 742 970 782 κτέ.

205 820 364 859 Versus
383 821 436 859 93
456 830 517 868 sq.
537 820 678 868 inepte
696 820 898 868 nugantis
916 830 1010 858 esse
1026 821 1177 868 poetae
1194 819 1403 859 videntur.
1423 819 1582 858 Versus
1599 831 1698 859 vero

147 896 317 934 95—97
346 905 431 934 non
457 895 579 933 video
607 895 817 943 quomodo
834 895 877 933 in
894 905 1043 943 pacem
1060 895 1261 933 reducam
1279 905 1376 934 011111
1399 896 1514 934 hisce
1533 897 1699 941 (1—3):

382 969 505 1022 αὐτὰρ
537 967 557 1009 ὃ
590 968 632 1009 ἐν
664 969 850 1026 προδόμῳ
883 969 1070 1021 ηὐνάζετο
1098 970 1180 1017 δῖος
1210 967 1432 1017 Ὀδυσσεύς·

380 1044 459 1097 κὰμ
489 1043 560 1096 μὲν
591 1043 792 1096 ἀδέψητον
824 1043 944 1096 βοέην
973 1041 1150 1097 ’στόρεσ’,
1180 1044 1302 1098 αὐτὰρ
1333 1046 1482 1098 ὕπερθε

380 1122 482 1161 κώεα
513 1118 617 1161 πόλλ’
654 1119 761 1172 ὀίων,
791 1120 882 1167 τοὺς
915 1121 1115 1172 ἱρεύεσκον
1149 1121 1299 1172 Ἀχαιοί.

208 1272 288 1310 102
321 1282 410 1320 sqq.
454 1273 658 1311 Precatur
699 1283 723 1311 a
765 1272 845 1310 diis
876 1271 1057 1320 Ulysses
1094 1273 1141 1309 ut
1173 1271 1253 1309 sibi
1286 1273 1328 1310 et
1361 1273 1483 1310 extra
1515 1274 1556 1310 et
1588 1273 1699 1311 intra

145 1348 271 1386 aedes
303 1359 430 1386 omen
460 1348 692 1396 propitium
723 1348 945 1386 mittatur:

380 1417 431 1469 ὧς
463 1420 565 1471 ἔφατ’
604 1422 824 1473 εὐχόμενος,
856 1428 924 1461 τοῦ
958 1419 999 1460 δ’
1036 1422 1145 1461 ἔκλυε
1178 1422 1333 1473 μητίετα
1369 1423 1477 1469 Ζεύς·

380 1497 518 1537 αὐτίκα
553 1495 590 1536 δ’
629 1497 861 1549 ἐβρόντησεν
893 1495 953 1535 ἀπ’
991 1497 1214 1549 αἰγλήεντος
1242 1494 1452 1548 Ὀλύμπου.

379 1573 517 1624 φήμην
550 1571 588 1612 δ’
627 1572 667 1612 ἐκ
701 1573 856 1612 ,Ι-ὀίκοιο
889 1572 989 1625 γυνὴ
1022 1571 1213 1623 προέηκεν
1246 1572 1392 1624 ἀλετρὶς

378 1649 558 1700 πλησίον,
589 1648 662 1687 ἔνθ
694 1647 770 1700 ἄρα
800 1650 868 1688 fot
900 1649 1017 1700 μύλαι
1050 1648 1144 1699 ἥατο
1176 1648 1331 1699 ποιμένι
1363 1652 1479 1698 λαῶν,

379 1731 466 1779 τῇσι
497 1724 675 1764 δυώδεκα
706 1731 828 1763 πᾶσαι
860 1723 1099 1776 ἐπερρώοντο
1132 1727 1326 1777 γυναῖκες.

202 1800 409 1848 Equidem
454 1811 625 1850 semper
670 1801 732 1840 sio
777 1801 1006 1850 putabam:
1053 1799 1099 1838 τὰ
1144 1797 1214 1850 μὲν
1261 1798 1395 1851 ἄψυχα
1442 1798 1467 1852 ἢ
1513 1804 1631 1839 κεῖται
1673 1800 1697 1852 ἢ

141 1873 285 1926 ἕστηκε,
320 1874 365 1914 τὰ
399 1872 437 1914 δ’
474 1874 630 1927 ἔμψυχα
660 1873 816 1926 προσέτι
848 1874 912 1914 καὶ
943 1875 1128 1925 κάθηται,
1159 1876 1233 1914 sed
1265 1886 1377 1914 nunc
1408 1876 1546 1914 subito
1579 1876 1695 1924 lego:

147 1951 259 2000 „illio
299 1951 440 1990 molae
488 1952 821 1990 sedebant”?
869 1952 1071 1999 Aequone
1115 1952 1258 1989 animo
1300 1952 1520 1989 serendum
1563 1952 1696 1989 illud?

141 2027 233 2066 Non
276 2027 435 2076 opinor.
478 2028 691 2076 Proponat
732 2028 858 2066 modo
901 2027 981 2065 sibi
1024 2027 1177 2074 aliquis
1209 2028 1311 2074 quot
1341 2026 1434 2064 vult
1466 2026 1591 2075 locos,
1627 2027 1696 2064 ubi

143 2113 255 2141 nuno
287 2103 429 2151 aliqua
470 2114 538 2142 res
570 2104 716 2142 anima
749 2113 898 2142 carens
934 2105 1090 2140 κεῖσθαι
1122 2103 1189 2140 vel
1221 2100 1377 2139 ἑστάναι
1409 2102 1572 2150 dieitur,
1608 2103 1694 2140 nul-

143 2178 234 2216 lum
280 2181 428 2217 tamen
470 2180 512 2217 in
554 2180 674 2218 tanto
717 2189 895 2218 numero
928 2179 1128 2226 inveniet,
1164 2178 1234 2216 ubi
1266 2189 1349 2216 non
1382 2178 1611 2216 absurdum
1639 2178 1695 2215 sit

143 2254 322 2293 verbum
368 2257 576 2304 καθῆσθαι
617 2265 841 2304 reponere3
876 2265 976 2293 nam
1015 2255 1182 2302 praeter
1213 2254 1324 2291 1111110
1356 2253 1519 2291 nullum
1553 2253 1693 2291 inven-

143 2331 237 2367 tum
284 2330 347 2379 111,
395 2330 467 2368 ubi
512 2331 678 2379 legatur
724 2331 824 2379 iam,
872 2331 946 2368 vix
993 2340 1097 2377 opus
1145 2330 1294 2367 dicere.
1339 2329 1417 2366 Sed
1461 2330 1503 2366 et
1535 2328 1695 2366 aceedit

143 2407 289 2444 nostro
336 2405 426 2444 1000
469 2406 625 2453 aliquid
664 2406 773 2454 quod
814 2406 890 2443 vix
927 2415 1210 2452 concoquam:
1244 2404 1370 2441 foa...
1404 2401 1558 2452 ποιμένι
1590 2405 1694 2439 λαῶν

144 2479 356 2529 Quorsum
402 2481 487 2519 ista
533 2481 783 2529 emphasis?
829 2478 985 2529 ποιμένι
1032 2482 1137 2516 λαῶν
1184 2478 1420 2524 sufficerem
1469 2488 1569 2515 nam
1617 2478 1694 2515 1100

142 2555 278 2594 voluit
322 2557 470 2604 poeta:
522 2556 605 2605 „ibi
652 2556 826 2594 stabant
872 2555 1023 2603 molae,
1074 2554 1226 2602 quibus
1273 2563 1398 2591 omne
1430 2552 1693 2590 frumentum

142 2632 252 2678 quod
294 2631 464 2670 domino
506 2631 633 2670 villae
676 2632 725 2669 de
767 2631 857 2669 suis
899 2630 1062 2668 redibat
1104 2629 1228 2677 agris,
1273 2628 1523 2666 molebatur.
1563 2627 1691 2673 Ergo:

141 2702 222 2744 ἕνθ’
258 2703 334 2757 ἄρα
365 2706 484 2756 μύλαι
515 2700 617 2756 ἦσαν
648 2703 803 2755 ποιμένι
836 2707 952 2742 λαῶν.
986 2705 1095 2742 Nam
1128 2698 1227 2753 ἦσαν
1260 2703 1486 2751 legendum
1524 2703 1589 2739 est
1621 2703 1694 2738 aut

142 2781 255 2820 aliud
311 2782 523 2830 quoddam
567 2782 746 2820 verbum
804 2780 1024 2829 eiusmodi,
1073 2779 1302 2817 dummodo
1349 2779 1533 2816 facessat
1581 2776 1692 2814 istud

142 2855 248 2910 ἥατο.
280 2857 394 2895 Ν11111
426 2867 538 2894 1111110
569 2857 833 2895 desideratur
864 2855 937 2893 sed
970 2854 1199 2892 videndum
1233 2863 1312 2900 quo
1345 2851 1549 2890 vocabulo
1575 2851 1692 2888 locus
