2030 3439
1115 377 1168 415 58

419 507 486 543 Sic
519 516 593 543 vos
626 503 908 551 grammatica
940 502 1103 539 rationo
1137 501 1250 538 ducti
1285 501 1477 538 edidistis
1509 496 1604 537 τοῖσ’
1630 496 1817 544 Ὀδυσεύς
1843 509 1917 546 pro

361 582 532 627 vulgato
574 583 651 625 τοῖς
694 575 730 616 δ’
772 575 966 622 Ὀδυσεύς.
1012 577 1091 614 Sed
1134 578 1305 623 rogatos
1348 586 1424 613 vos
1468 576 1597 613 velim
1631 586 1735 612 num
1768 575 1930 612 abesse

359 657 425 694 hic
458 656 594 703 possit
627 653 667 691 δέ
699 654 836 692 aliave
864 652 962 690 huic
989 652 1145 689 similis
1173 652 1393 700 particula,
1424 652 1484 689 ita
1512 652 1559 689 ut
1587 652 1677 688 tota
1704 650 1919 688 sententia

358 732 472 769 nullo
502 731 668 769 vinculo
697 740 794 768 cum
822 727 1172 776 praecedentibus
1197 728 1434 765 cohaereat.
1454 727 1659 774 Equidem
1679 737 1762 764 non
1781 726 1916 774 credo,

359 808 431 845 scd
474 809 547 844 aut
589 806 745 852 aliquid
788 805 837 842 de
880 805 971 851 lege
1010 804 1077 841 hic
1110 803 1417 841 remittendum
1451 813 1614 843 censeo.
1650 803 1736 851 aut,
1771 802 1851 840 hoc
1883 801 1919 839 si

360 884 478 921 nefas
512 882 690 929 videtur.
726 881 787 918 sic
818 879 1069 927 legendum:

798 954 863 993 καὶ
895 951 964 993 τότ’
998 951 1207 1000 Ὀδυσσεὺς
1237 951 1364 993 ’felas
1398 953 1469 992 κτὲ.

418 1107 515 1143 494.
574 1105 751 1143 Eum-aei
808 1105 964 1152 hospes
1027 1104 1233 1151 Ulyssem
1280 1114 1326 1141 se
1374 1113 1467 1141 esse
1516 1103 1795 1141 dissimulans
1843 1103 1922 1140 hac

359 1183 492 1221 utitur
529 1182 664 1229 lepide
697 1181 797 1219 ficta
828 1181 1084 1227 narratione,
1120 1191 1203 1227 qua
1235 1181 1348 1218 tecte
1381 1178 1593 1227 significet
1626 1179 1767 1226 algere
1800 1188 1845 1216 se
1879 1179 1922 1216 et

358 1259 525 1296 vestem
568 1257 648 1295 sibi
690 1257 935 1304 superiniici
977 1266 1151 1304 cupere:
1200 1256 1439 1304 „quondam
1478 1255 1522 1292 in
1554 1255 1771 1292 obsidione
1803 1254 1920 1292 urbis

359 1334 507 1371 Troiae
540 1344 615 1380 ego
650 1343 747 1370 cum
778 1332 935 1379 Ulysse
964 1333 1006 1369 et
1033 1332 1223 1370 Menelao
1252 1332 1295 1368 in
1322 1331 1489 1368 insidiis
1517 1341 1635 1369 eram
1665 1321 1919 1377 collocatus3

359 1410 415 1447 ibi
448 1420 524 1457 ego
556 1409 669 1446 male
701 1409 886 1446 vexatus
918 1408 1074 1455 frigore
1106 1407 1311 1454 Ulyssem
1345 1417 1367 1445 e
1400 1417 1551 1445 somno
1585 1406 1772 1444 excitavi
1800 1407 1842 1444 et
1869 1406 1921 1444 ad

359 1496 458 1523 eum
500 1494 597 1522 sum
641 1484 911 1531 conquestus.
956 1483 1032 1521 1110
1075 1493 1175 1521 vero
1209 1483 1360 1520 statim
1394 1482 1539 1520 dolum
1572 1482 1737 1520 invenit
1767 1492 1922 1529 meque

359 1561 574 1607 quiescere
607 1560 774 1597 iussit.”
809 1559 1029 1606 Sequitur:

549 1629 586 1685 ἦ,
618 1633 682 1672 καὶ
714 1631 774 1672 ἐπ’
812 1633 988 1685 ἀγκῶνος
1020 1632 1197 1683 κεφαλὴν
1226 1629 1357 1684 ’σχέθε
1387 1629 1516 1671 ’.Ρεῖπέ
1548 1647 1585 1671 τε
1620 1636 1770 1682 μῦθον·

420 1712 502 1749 495
555 1713 705 1759 ηκλῦτε,
736 1710 852 1759 φίλοι·
888 1709 998 1755 θεῖός
1031 1724 1096 1759 μοι
1128 1708 1318 1747 ἐνύπνιον
1353 1703 1477 1760 ἦλθεν
1513 1707 1679 1759 ὄνειρος.

549 1786 636 1836 λίην
668 1785 740 1837 γὰρ
774 1791 881 1836 νηῶν
913 1784 1033 1832 ,Ρεκὰς
1068 1783 1254 1836 ἤλθομεν·
1288 1784 1383 1823 ἀλλά
1416 1800 1471 1831 τις
1505 1785 1564 1835 εἴη

549 1858 740 1912 ,ΡειπέμωῘ
779 1862 947 1916 Ἀτρεΐδῃ
981 1860 1236 1913 Ἀγαμέμνονι
1269 1860 1425 1911 ποιμένι
1457 1864 1577 1911 λαῶν,

551 1937 585 1975 εἰ
614 1935 780 1982 πλέονας
813 1936 919 1987 παρὰ
950 1943 1102 1986 ναῦφιν
1135 1936 1358 1988 ἐποτρύνειε
1392 1936 1589 1976 νέεσθαι.”

419 2013 524 2062 Quid
566 2014 623 2051 sit
668 2014 834 2061 „cubito
872 2014 1034 2052 levari’'
1069 2015 1111 2052 et
1145 2010 1205 2051 ἐπ’
1242 2012 1418 2065 ἀγκῶνος
1454 2011 1681 2063 ὀρθοῦσθαι
1713 2014 1813 2062 5010,
1848 2014 1922 2052 5οᾱ

360 2089 568 2136 quomodo
617 2099 662 2127 se
711 2091 988 2136 contorqueat
1031 2090 1186 2137 aliquis
1228 2091 1276 2128 ut
1318 2091 1445 2138 caput
1487 2090 1628 2128 cubito
1671 2090 1922 2138 impositum

360 2165 514 2202 habeat
546 2175 598 2202 ne
630 2163 789 2212 fingere
821 2165 993 2212 quidem
1025 2176 1215 2213 possum.
1250 2165 1364 2203 Nihil
1396 2167 1543 2203 tamen
1571 2166 1740 2203 mutare
1768 2165 1921 2213 ausim,

361 2240 498 2278 multa
530 2240 644 2277 enim
678 2240 720 2277 in
753 2240 833 2278 hac
864 2241 1108 2278 narratione
1142 2242 1380 2290 occurrunt,
1416 2251 1524 2288 quae
1556 2241 1631 2278 vix
1662 2250 1922 2292 concoquas:

361 2326 540 2362 quorum
584 2317 626 2354 et
667 2316 769 2353 illud
813 2318 878 2354 est
921 2317 1031 2363 quod
1073 2317 1199 2354 miles
1237 2317 1279 2354 in
1313 2316 1479 2354 insidiis
1513 2316 1746 2354 collocatus
1779 2316 1922 2354 obdor-

360 2391 538 2429 mivisse
571 2390 737 2429 dicitur.
771 2391 817 2428 ld
851 2393 996 2429 autem
1029 2391 1278 2430 Aristarcho
1306 2393 1397 2429 tam
1427 2391 1660 2429 absurdum
1688 2391 1831 2429 visum
1859 2392 1925 2430 est

362 2467 409 2503 ut
440 2476 501 2503 vs.
537 2466 620 2504 495
654 2466 881 2504 delendum
910 2468 1123 2514 censeret3
1155 2477 1282 2514 quem
1308 2477 1386 2504 vos
1414 2467 1656 2514 sequimini.
1686 2467 1772 2515 Ego
1801 2467 1924 2505 aliter

363 2551 526 2578 censeo.
576 2541 700 2578 Levis
748 2541 862 2578 enim
910 2542 1035 2579 alicui
1083 2543 1283 2590 obrepere
1330 2552 1509 2580 somnus
1555 2543 1698 2590 potest
1741 2543 1783 2580 et
1825 2552 1924 2580 cum

362 2625 512 2653 somno
541 2616 769 2664 somnium,
801 2617 870 2663 qui
897 2618 1044 2655 tamen
1072 2618 1256 2656 dormire
1284 2618 1464 2655 minime
1492 2619 1559 2655 est
1586 2618 1800 2666 dicendus,
1826 2618 1925 2665 quia

362 2692 565 2737 perpetua
597 2691 668 2738 rei,
704 2701 810 2737 quae
839 2692 881 2729 in
907 2693 1106 2730 manibus
1134 2695 1211 2741 est,
1243 2693 1443 2740 cogitatio
1472 2692 1600 2731 efficit
1630 2694 1674 2731 ut
1701 2693 1923 2731 levissimo

363 2766 543 2813 strepitu
590 2767 739 2803 statim
788 2767 1120 2815 expergiscatur.
1170 2768 1222 2807 Et
1269 2769 1413 2816 quidni
1456 2768 1754 2806 insidiantium
1795 2769 1924 2807 duces

365 2840 575 2886 fingamus
618 2851 691 2888 per
731 2841 847 2879 vices
890 2843 1031 2880 somni
1074 2844 1232 2891 aliquid
1270 2843 1519 2891 capientes?
1550 2844 1774 2882 Postremo
1808 2843 1923 2891 ipsos

364 2916 458 2953 illos
486 2916 646 2953 milites
674 2926 779 2963 quos
806 2917 921 2955 nullo
949 2919 1118 2966 negotio
1146 2919 1345 2967 deceptos
1373 2919 1583 2969 audimus,
1613 2930 1697 2958 non
1724 2920 1815 2958 tam
1844 2919 1923 2959 cal-

2025 1967 2030 1999 ..μ
2020 1822 2030 1951 .--ΑΔ-ν
2027 1776 2030 1802 .-
2025 1723 2030 1759 ,Α
2023 1605 2030 1692 ...ι-
2024 1484 2030 1576 *da-.-

2022 2328 2030 2378 1

2012 2382 2030 2896 l

2012 2907 2027 3019 1
