2030 3439
1062 328 1140 365 ios

384 455 432 492 17
463 465 551 501 sqq.
572 454 784 491 Antinous
801 452 957 490 vulnus
975 452 1101 490 letale
1120 452 1273 500 accipit
1294 452 1453 499 sagitta
1471 452 1521 489 ab
1539 451 1696 498 Ulysse
1714 451 1849 489 missa
1863 462 1888 510 :-

558 529 718 578 ἐκλίνθη
752 525 787 566 δ’
824 527 993 577 ἑτέρωσε,
1026 526 1145 573 δέπας
1178 527 1219 565 δέ
1251 529 1318 566 ἔοι
1349 527 1482 565 ἔκπεσε
1513 526 1636 578 χειρὸς

555 602 766 655 βλημένου,
796 602 934 641 αὐτίκα
968 599 1004 640 δ’
1036 602 1154 649 αὐλὸς
1186 601 1263 640 ἀνὰ
1295 603 1405 654 ῥῖνας
1435 602 1561 653 παχὺς
1592 597 1691 653 ἦλθε

555 679 715 728 αἵματος
748 677 992 729 ἀνδρομέοιο·
1024 681 1133 724 θοῶς
1166 674 1202 716 δ’
1224 677 1302 717 ἀπὸ
1333 679 1419 716 ,Ρεῖο
1452 677 1644 729 τράπεζαν

558 749 630 792 ὦσε
662 752 755 792 ποδὶ
787 753 946 802 πλήξας.

380 831 591 868 Lubenter
633 830 755 868 credo
798 840 882 867 non
924 829 1128 867 bubulum
1170 829 1243 867 sed
1286 830 1525 867 humanum
1566 829 1821 876 sanguinem
1854 839 1875 866 e

322 906 494 943 naribus
541 906 715 944 Antinoi
763 905 1004 943 exsiluisse.
1054 905 1134 942 Sed
1175 905 1334 942 bonum
1376 906 1548 952 poetam
1591 905 1650 942 sic
1692 904 1876 942 scribere

322 981 511 1028 potuisse
539 991 623 1019 non
651 981 786 1019 credo.
815 980 1040 1018 Manifesto
1067 981 1266 1018 tenemus
1294 980 1487 1027 ineptum
1511 980 1787 1027 imitatorem,
1807 979 1879 1026 qui

321 1056 426 1093 nihil
459 1056 651 1103 cogitans
684 1056 787 1093 illud
820 1055 1075 1093 vocabulum
1108 1055 1377 1093 transtulerit
1411 1065 1465 1092 ex
1497 1070 1508 1091 ι
1544 1056 1627 1093 373
1661 1065 1747 1101 sq.:

923 1129 1100 1181 φάρυγος
1134 1126 1168 1167 δ’
1199 1127 1243 1176 ἓξ
1277 1128 1413 1167 ἔσσυτο
1445 1130 1583 1176 ,Ροῖνος

616 1206 752 1256 ψωμοί
781 1203 812 1244 τ’
850 1204 1072 1257 ἀνδρόμεοι.

382 1284 471 1321 Hoc
513 1294 677 1331 quoque
714 1284 907 1331 ineptum
941 1283 1049 1330 quod
1083 1284 1133 1321 ad
1167 1283 1432 1331 implendum
1465 1293 1638 1321 versum
1677 1287 1779 1327 θοῶς
1812 1283 1877 1321 ad-

323 1360 457 1397 ditur:
492 1360 613 1407 quasi
647 1370 745 1398 vero
779 1363 893 1397 certo
927 1359 1102 1397 consilio
1136 1360 1178 1397 et
1210 1359 1260 1396 de
1294 1359 1504 1396 industria
1535 1369 1733 1397 mensam
1766 1368 1880 1396 ever·

322 1436 421 1473 terit
452 1435 678 1473 Antinous,

384 1585 451 1623 23.
502 1584 715 1623 Comitem
758 1595 886 1622 suum
929 1585 1000 1622 ubi
1043 1584 1232 1622 occisum
1276 1584 1422 1622 vident
1458 1584 1572 1631 proci
1605 1583 1882 1621 vehementer

324 1661 625 1708 perturbantur
640 1671 646 1697 :

561 1734 600 1772 ἐκ
634 1732 674 1772 δὲ
706 1734 868 1783 θρόνων
900 1732 1124 1785 ἀνόρουσαν
1158 1731 1381 1785 ὀρινθέντες
1413 1733 1509 1772 κατὰ
1543 1734 1664 1783 δῶμα.

385 1812 485 1859 Quis
527 1813 593 1849 est
637 1811 862 1849 verborum
905 1808 1127 1860 ὀρινθέντες
1168 1808 1265 1847 κατὰ
1307 1810 1418 1859 δῶμα
1461 1812 1646 1849 sensus?
1679 1811 1746 1848 An
1778 1810 1882 1848 vitio

325 1889 425 1925 nata
457 1888 588 1925 sunt?
623 1887 821 1934 Suspicor
853 1887 933 1924 hoc
964 1887 1135 1934 propter
1165 1887 1493 1934 praecedentem
1525 1896 1723 1924 versum:

531 1967 746 2013 μνηστῆρες
777 1961 875 2000 κατὰ
909 1963 1033 2012 δῶμα,
1066 1961 1147 2001 ἐπεὶ
1176 1959 1309 2001 ’.Ρίδον
1342 1961 1470 2013 ἄνδρα
1497 1962 1676 2000 πεσόντα.

386 2112 439 2149 55
473 2122 562 2159 sqq.
597 2112 692 2150 Iure
725 2122 900 2150 caesum
932 2112 1168 2151 Antinoum
1202 2112 1396 2160 agnoscit
1428 2111 1737 2159 Eurymachus,
1768 2110 1882 2148 illius

327 2186 441 2223 enim
474 2187 670 2234 exemplo
705 2188 868 2225 ceteros
895 2198 1045 2235 procos
1073 2198 1222 2225 omnes
1250 2187 1346 2224 illas
1374 2187 1552 2224 iniurias
1581 2186 1752 2233 Ulyssis
1770 2185 1885 2223 domi

326 2263 616 2309 perpetrasse;
661 2263 734 2300 sed
777 2273 889 2300 nunc
931 2263 1102 2301 illarum
1146 2265 1317 2301 auctore
1360 2263 1582 2310 profligato
1625 2262 1885 2310 parcendum

328 2346 422 2374 esse
455 2338 607 2374 ceteris
639 2337 842 2384 Ulyssem
875 2342 1023 2376 monet
1056 2338 1277 2385 additque:

739 2405 833 2461 ἦμες
866 2410 1032 2450 ὄπισθεν
1065 2410 1321 2463 ἀρεσσάμενοι
1352 2409 1449 2448 κατὰ
1482 2411 1622 2460 δῆμον,

565 2485 660 2525 ὅσσα
691 2501 748 2525 τοι
781 2486 987 2526 ἐκπέποται
1018 2486 1083 2525 καὶ
1118 2486 1295 2537 ἐδήδεται
1327 2485 1368 2524 ἐν
1401 2485 1613 2537 μεγάροισι,

563 2562 678 2613 τιμὴν
710 2561 832 2612 ἀμφὶς
866 2561 1024 2613 ἄγοντες
1057 2561 1320 2612 ε’ἱεικοσίβοια
1352 2559 1556 2610 ἆῑέκαστος,

563 2638 705 2690 χαλκόν
737 2632 951 2689 τεχρυσόν
983 2635 1018 2676 τ’
1054 2637 1326 2686 ἀποδώσομεν,
1357 2636 1410 2682 εἰς
1444 2635 1465 2674 ὅ
1495 2650 1537 2674 κε
1570 2635 1640 2674 σὸν
1671 2641 1743 2686 κῆρ

566 2715 699 2768 ἰανθῇ.

391 2791 544 2829 Omnia
585 2791 701 2838 haec,
745 2791 845 2828 licet
876 2791 983 2828 satis
1017 2791 1200 2828 molesta
1232 2790 1288 2827 sit
1322 2789 1571 2837 verbositas,
1607 2790 1755 2826 tamen
1786 2787 1885 2825 ferri

331 2866 593 2915 intelligique
636 2867 837 2914 possunt:
884 2876 1016 2903 unum
1064 2866 1178 2903 istud
1210 2863 1465 2914 ἀρεσσάμενοι
1497 2862 1593 2901 κατὰ
1626 2864 1752 2912 δῆμον
1787 2862 1886 2909 quid
