2030 3439
1082 330 1129 366 14

322 461 407 499 illis
450 461 516 498 est
557 458 730 497 verbis?
773 457 908 504 Igitur
949 455 1095 502 utique
1128 454 1241 491 istud
1275 451 1401 490 ἐκεῖνα
1437 452 1683 500 corruptum
1717 460 1881 500 censeo,

324 540 450 585 atque
484 537 543 574 ita
576 534 872 582 corrigendum
905 534 953 570 ut
985 531 1140 569 evadat
1172 530 1306 568 oratio
1333 529 1512 567 Nestore
1540 529 1715 575 eiusque
1743 527 1906 566 dolore.

325 615 463 661 digna.
509 612 614 660 Quid
656 611 692 648 Si
735 610 997 647 scribamus:
1041 606 1095 652 τίς
1141 621 1206 644 κεν
1249 604 1377 643 ἔπειτα
1414 604 1541 642 πάντα
1575 619 1616 656 γε
1649 603 1884 654 μυθήσαιτο.

327 690 393 726 Sic
425 688 618 726 Nestoris
650 686 781 724 verba
812 684 1090 722 acerbitatem
1125 683 1340 730 quandam
1368 681 1584 720 habebunt
1611 681 1886 729 aptissimam

326 763 606 802 recordationi
648 761 862 799 malorum
905 770 1011 807 quae
1054 769 1188 796 unum
1231 758 1333 796 illud
1375 757 1595 795 funestum
1633 756 1793 794 bellum
1827 756 1886 793 at-

326 840 485 877 tulerit.
524 839 633 876 Nam
666 835 794 875 ἕπειτα
828 846 912 873 non
945 844 1115 882 semper
1146 834 1302 872 habere
1333 833 1423 870 Vim
1455 842 1573 870 mere
1604 830 1888 879 temporalem

328 915 371 952 hi
405 925 459 953 ex
491 914 621 952 Iliade
655 913 735 951 loci
769 912 944 950 docent:

390 992 439 1040 Α,
471 991 577 1029 547:
641 984 726 1026 ἀλλ’
763 984 809 1025 ὃν
842 985 912 1037 μέν
944 982 982 1024 σ’
1021 982 1212 1031 ἐπιλῖεικὲς
1244 981 1472 1034 ἀκουέμεν’,
1503 982 1550 1022 οὔ
1582 999 1637 1030 τις
1671 981 1800 1021 ἔπειτα

641 1061 728 1102 οὔτε
759 1066 867 1101 θεῶν
898 1061 1083 1113 πρότερος
1115 1060 1182 1100 τὸν
1213 1060 1384 1099 Έείσεται
1415 1055 1499 1099 οὔτ’
1538 1057 1776 1110 ἀνθρώπων.

392 1143 439 1189 Ε,
472 1142 579 1179 684ἰ
644 1138 861 1191 Πριαμίδη,
892 1136 944 1188 μὴ
979 1136 1027 1188 δή
1061 1151 1105 1187 με
1137 1134 1264 1187 ,Ρέλωρ
1297 1138 1515 1174 Δαναοῖσιν
1548 1133 1664 1189 ἐάσῃς

641 1217 810 1264 κεῖσθαι,
840 1212 936 1265 ἀτάρ
969 1209 1012 1264 μ’
1050 1211 1264 1263 ἐπάμυνον.
1298 1211 1428 1250 ἔπειτά
1460 1225 1506 1262 με
1538 1209 1604 1249 καὶ
1637 1210 1743 1249 λίποι
1775 1208 1873 1248 αἰὼν

643 1289 684 1329 ἐν
716 1285 823 1329 πόλι’
859 1287 1033 1342 ὑμετέρῃ.

397 1370 440 1417 Ο,
471 1370 550 1406 49:
644 1366 678 1404 εἰ
706 1363 776 1417 μὲν
810 1364 858 1416 δὴ
892 1365 940 1404 σύ
972 1362 1011 1417 γ’
1049 1363 1191 1415 ἔπειτα,
1223 1364 1371 1415 βοῶπις
1403 1362 1544 1402 πότνια
1565 1360 1686 1414 ’Ήρη,

643 1443 760 1481 ,Ρῑσον
793 1440 877 1492 ἐμοὶ
909 1439 1135 1493 φρονέουσα
1168 1437 1248 1491 μετ’
1286 1439 1522 1479 ἀθανάτοισι
1553 1439 1745 1488 καθίζοις,

645 1525 696 1573 τῷ
727 1533 768 1557 κε
802 1517 1037 1557 Ποσειδάων
1068 1532 1124 1570 γε,
1154 1515 1219 1556 καὶ
1251 1517 1284 1556 εἰ
1317 1517 1420 1568 μάλα
1451 1516 1632 1568 βούλεται
1663 1513 1773 1568 ἄλλη,

645 1591 746 1645 αἶψα
778 1593 1047 1646 μεταστρέψειε
1079 1594 1174 1634 νόον
1207 1593 1299 1645 μετὰ
1331 1593 1403 1633 σὸν
1436 1592 1502 1633 καὶ
1537 1591 1631 1643 ε’μὸν
1664 1597 1749 1642 κῆρ.

400 1675 442 1723 Τ,
476 1674 581 1711 112;
914 1671 1012 1718 Ζεὺς
1046 1667 1084 1710 δ’
1122 1669 1169 1710 οὔ
1201 1685 1236 1709 τι
1269 1669 1572 1723 δολοφροσύνην
1605 1666 1753 1718 ἐνόησε,

648 1744 733 1786 ἀλλ’
771 1746 912 1798 ὄμοσεν
945 1746 1067 1799 μέγαν
1100 1747 1231 1799 ὅρκον,
1262 1745 1391 1785 ἔπειτα
1425 1743 1467 1785 δὲ
1498 1743 1644 1784 πολλὸν
1676 1741 1823 1792 ἀάσθη.

401 1826 449 1874 Χ,
479 1825 559 1863 49:
652 1820 739 1862 ἀλλ’
776 1823 810 1862 εἰ
839 1820 909 1874 μὲν
942 1823 1083 1870 ζώουσι
1115 1821 1208 1874 μετὰ
1240 1828 1400 1876 στρατῷ,
1429 1815 1454 1872 ἦ
1487 1835 1554 1859 κεν
1586 1819 1714 1859 ἔπειτα

650 1902 794 1951 χαλκοῦ
826 1914 864 1938 τε
895 1904 1041 1951 χρυσοῦ
1073 1895 1109 1937 τ’
1145 1893 1437 1949 ἀπολυσόμεθ’,
1467 1895 1545 1936 ἔστι
1575 1894 1649 1948 γὰρ
1683 1894 1810 1933 ἔνδον.

401 1976 454 2026 Ω,
487 1977 593 2016 296:
654 1975 688 2015 εἰ
717 1974 759 2015 δέ
789 1991 848 2014 τοι
880 1975 927 2015 οὐ
961 1975 1076 2014 δώσει
1108 1973 1204 2014 §fbv
1237 1973 1400 2027 ἄγγελον
1433 1971 1640 2026 εὐρυἙόπα
1675 1970 1787 2021 Ζεὺς,

653 2050 701 2091 οὔ
732 2066 798 2091 κεν
831 2050 903 2104 ἐγώ
936 2050 978 2104 γε’
1010 2048 1048 2089 σ’
1083 2050 1212 2090 ἔπειτα
1246 2049 1517 2102 ἐποτρύνουσα
1549 2047 1735 2098 κελοίμην

653 2134 752 2178 νῆας
785 2125 847 2167 ἔπ’
878 2125 1062 2180 Ἀργείων
1095 2127 1237 2178 ἴμεναι,
1271 2127 1373 2177 μάλα
1404 2141 1476 2177 περ
1509 2130 1702 2176 μεμαῶτα.

403 2205 561 2254 Quibus
594 2205 792 2242 omnibus
825 2202 952 2241 ἔπειτα
985 2204 1064 2242 toti
1091 2204 1330 2242 sententiae
1363 2196 1459 2252 ἦθος
1489 2201 1701 2250 quoddam
1729 2198 1904 2248 praebet

346 2281 578 2319 narrationi
620 2281 688 2318 vel
723 2281 936 2327 loquentis
969 2280 1105 2318 menti
1139 2278 1525 2317 accommodatum.
1560 2277 1639 2314 His
1672 2285 1772 2313 vero
1810 2284 1908 2313 eum

347 2358 478 2395 animi
521 2357 723 2394 affectum
766 2355 980 2403 significat
1012 2366 1139 2402 quem
1172 2356 1318 2393 nostro
1350 2354 1441 2391 loco
1473 2352 1666 2391 Nestoris
1700 2361 1795 2389 esse
1828 2349 1904 2387 mi-

346 2433 461 2471 nime
494 2433 722 2470 miremur:
757 2432 1094 2479 indignationem
1128 2431 1219 2468 dico
1254 2431 1296 2468 et
1329 2429 1621 2467 acerbitatem.
1646 2423 1671 2471 ¹)

383 2647 403 2678 ¹)
428 2644 466 2672 In
492 2643 606 2671 Codice
634 2643 700 2670 Pal.
727 2642 830 2677 (Heid.
858 2644 902 2671 45)
932 2641 1082 2669 vocabuli
1115 2643 1210 2670 ἐκεῑια
1236 2641 1355 2670 ultima
1381 2640 1513 2676 syllaba
1540 2640 1646 2670 altera
1665 2646 1767 2668 manu
1787 2640 1839 2667 est
1861 2638 1913 2667 ad-

349 2691 481 2724 scripta.
511 2689 598 2724 Quae
626 2695 678 2716 res
708 2687 850 2714 sortasse
881 2686 927 2714 sic
956 2686 1112 2720 explicari
1137 2688 1264 2721 potest:
1286 2686 1429 2714 codicem
1451 2686 1546 2714 illum
1568 2686 1622 2719 qui
1646 2684 1780 2719 scripsit
1799 2683 1833 2711 in
1854 2690 1914 2712 suo

349 2735 529 2769 exemplari
556 2733 702 2761 habebat
731 2733 834 2760 ἔπειτα
868 2732 933 2766 sed,
962 2732 993 2759 id
1025 2732 1108 2764 quod
1139 2732 1233 2760 facile
1262 2731 1332 2759 fieri
1361 2730 1480 2765 potuit,
1500 2738 1557 2765 pro
1578 2731 1677 2758 litera
1697 2738 1719 2757 n
1739 2728 1870 2763 legebat
1890 2738 1914 2756 κ.

351 2778 429 2805 Cum
449 2779 562 2805 autem
582 2777 736 2805 ultimam
758 2775 941 2809 scripturus
962 2778 1051 2804 esset
1072 2775 1237 2810 syllabam
1259 2776 1394 2804 videbat
1410 2782 1498 2802 nunc
1508 2771 1916 2806 nascivocabulum,quod

350 2829 514 2855 nusquam
541 2823 630 2849 esset
656 2821 813 2855 gentium,
845 2823 949 2848 ἐκειτα.
978 2821 1088 2853 Neque
1117 2823 1228 2848 tamen
1255 2822 1386 2849 mutare
1407 2819 1586 2853 quidquam
1608 2825 1710 2846 ausus
1732 2818 1793 2851 est,
1812 2822 1917 2849 neque

351 2867 441 2897 istud
469 2878 514 2897 m,
536 2874 618 2900 quae
645 2867 674 2894 ei
694 2867 869 2894 videbatur
888 2865 993 2893 morbi
1015 2865 1117 2899 sedes,
1138 2865 1268 2900 addere;
1290 2865 1407 2893 deiude
1427 2865 1529 2892 lector
1550 2864 1662 2891 minus
1683 2863 1804 2891 anxins
1824 2868 1916 2890 voca-

353 2910 465 2938 bulum
486 2912 650 2943 utcunque
669 2909 823 2943 explevit.
845 2908 904 2935 Sed
924 2908 1017 2942 parvi
1039 2908 1122 2935 facio
1143 2908 1375 2936 huiuscemodi
1397 2908 1605 2941 argumenta.
