2030 3439
1081 372 1136 410 70

384 499 438 536 49
482 509 542 545 sq.
588 498 777 536 Considit
820 508 917 545 ergo
961 496 1244 534 Telemachus
1287 495 1330 533 in
1362 493 1597 532 ramalibus
1630 492 1884 540 quibusdam

327 574 481 611 vellere
514 574 564 611 ab
598 574 784 611 Eumaeo
818 571 1061 611 constratis.

561 651 683 686 τοῖσιν
717 645 758 685 δὲ
790 647 941 698 κρεάων
973 646 1142 692 πίνακας
1174 643 1377 696 παρέθηκε
1410 644 1588 695 συβώτης

563 720 773 771 ὀπταλέων,
804 721 828 759 f}
860 721 908 773 ῥα
940 728 985 775 τῇ
1017 719 1184 774 προτέρῃ
1217 718 1427 758 ὑπέλειπον
1460 718 1623 765 ἔδοντες.

384 800 513 837 Estne
542 799 819 837 Homericum
846 798 949 836 illud
966 803 1011 851 τῇ
1029 794 1208 850 προτέρῃ,
1226 796 1404 835 articulo
1423 795 1565 834 addito
1577 796 1597 833 ἱ)
1614 795 1706 833 Non
1724 796 1883 844 opinor.

385 950 437 987 65
486 959 546 995 sq.
593 948 782 996 Rogatus
826 958 849 985 a
892 947 1147 985 Telemacho
1190 946 1284 993 quis
1330 946 1386 983 sit
1428 946 1582 993 hospes
1625 945 1696 983 ille
1737 944 1885 993 paucis

326 1024 464 1061 verbis
506 1024 660 1071 repetit
701 1024 916 1061 Eumaeus
958 1033 1065 1070 quae
1104 1022 1194 1070 ipse
1225 1021 1407 1069 Ulysses
1439 1021 1572 1069 pridie
1604 1021 1808 1069 narravit,
1843 1022 1886 1059 et

325 1100 384 1137 sic
418 1099 708 1137 narrationem
742 1099 976 1137 concludit:

558 1180 633 1212 νῦν
667 1168 716 1211 αὖ
754 1174 995 1224 Θεσπρωτῶν
1030 1171 1187 1222 ἀνδρῶν
1219 1171 1326 1222 παρὰ
1359 1170 1454 1222 νηὸς
1487 1169 1663 1221 ἀποδρὰς

557 1245 677 1299 ἤλυθ’
715 1247 807 1298 ε’μὸν
840 1247 936 1299 πρὸς
970 1247 1162 1297 σταθμὸν,
1193 1247 1266 1299 ἐγὼ
1300 1245 1342 1285 δέ
1374 1261 1431 1285 τοι
1465 1245 1687 1298 ἐγγυαλίξω.

381 1326 553 1373 Quando
595 1325 723 1363 faciet
764 1325 978 1362 Eumaeus
1021 1325 1130 1372 quod
1169 1335 1214 1362 se
1246 1324 1530 1361 facturum
1563 1323 1676 1372 dicit,
1712 1324 1754 1360 et
1786 1333 1882 1370 quo-

322 1402 478 1439 modo?
506 1401 754 1439 Manibusne
782 1402 878 1449 post
904 1402 1026 1449 terga
1043 1400 1248 1438 revinctis
1265 1400 1481 1447 hospitem
1499 1398 1584 1437 filio
1603 1399 1695 1437 erili
1712 1399 1884 1437 tradet?

322 1477 516 1514 Minime:
546 1487 630 1514 non
658 1477 773 1514 enim
801 1476 903 1514 illud
931 1474 1167 1527 ἐγγυαλίζειν
1195 1476 1375 1513 verbum
1402 1475 1471 1513 hic
1492 1476 1717 1522 tamquam
1734 1475 1883 1513 stricto

322 1562 450 1589 sensu
483 1552 643 1589 dictum
678 1553 744 1589 est
777 1551 1082 1599 accipiendum,
1116 1561 1253 1598 neque
1285 1551 1502 1589 facturum
1535 1561 1580 1588 se
1609 1550 1766 1598 aliquid
1793 1561 1881 1598 pro-

320 1627 457 1665 mittit
488 1628 713 1675 Eumaeus,
749 1628 822 1665 sed
856 1627 1007 1665 statim
1041 1627 1107 1665 his
1138 1627 1304 1665 verbis:

554 1700 697 1752 Δῑέρξον
731 1701 835 1748 ὅπως
869 1701 1024 1748 ἐθέλεις
1059 1701 1184 1752 ἱκέτης
1218 1700 1260 1740 δέ
1291 1717 1349 1740 τοι
1381 1700 1530 1753 εὔχεται
1561 1698 1662 1740 εἶναι

320 1779 533 1825 hospitem
566 1778 812 1816 Telemachi
844 1778 1056 1825 permittit
1088 1778 1275 1816 arbitrio.
1306 1778 1416 1826 Lege
1445 1789 1565 1826 ergo:
1595 1775 1815 1829 ἐγγυαλίξω.
1834 1780 1883 1817 In

319 1855 510 1891 mentem
538 1854 606 1891 hic
632 1854 739 1891 mihi
766 1854 885 1891 venit
902 1854 1055 1901 Lysiae
1074 1853 1153 1891 loci
1171 1853 1436 1901 lepidissime
1454 1854 1882 1901 ingeniosissimeque

319 1939 342 1966 a
369 1928 595 1966 Weidnero
624 1929 666 1965 in
694 1929 910 1976 integrum
938 1929 1140 1967 restituti.
1172 1929 1249 1977 Qui
1277 1929 1407 1966 Verba
1428 1929 1532 1966 facit
1548 1930 1673 1967 modo
1691 1930 1883 1968 narravit

318 2004 368 2041 de
411 2004 552 2051 aliqua
583 2015 628 2042 re
661 2006 756 2042 acta
789 2005 831 2041 in
866 2004 1051 2042 comitiis
1082 2005 1238 2053 populi,
1274 2005 1495 2052 additque:
1529 2002 1594 2041 καὶ
1626 2004 1775 2042 τούτων
1809 2003 1880 2055 ἐγὼ

318 2077 418 2127 ὑμᾶς
446 2079 594 2124 πάντας
623 2079 819 2130 μάρτυρας
846 2078 1074 2130 παρέξομαι,
1103 2080 1223 2127 quasi
1251 2091 1351 2118 Vffl'O
1379 2079 1500 2118 finlta
1528 2080 1718 2118 Ol'a'ciOne
1740 2082 1880 2118 tOtum

320 2155 522 2201 populum
568 2155 729 2193 viritim
763 2156 1062 2194 testimonium
1096 2156 1176 2193 sibi
1209 2156 1347 2193 dicere
1380 2156 1437 2193 sit
1469 2156 1676 2194 iussurus.
1711 2156 1881 2193 Primus

320 2229 574 2267 Weidnerus
606 2230 713 2268 vidit
745 2228 961 2281 παρέχομαι
994 2241 1087 2269 esse
1120 2231 1361 2278 legendum.

381 2378 459 2414 147
505 2388 594 2425 sqq.
638 2378 828 2426 Rogatus
872 2380 921 2417 ab
965 2380 1152 2418 Eumaeo
1196 2380 1478 2418 Telemachus
1521 2381 1708 2418 etiamne
1750 2390 1880 2418 avum

317 2453 514 2490 Laertem
556 2454 605 2490 de
648 2455 784 2491 reditu
828 2465 904 2492 suo
948 2456 1173 2493 certiorem
1215 2454 1304 2493 fieri
1348 2455 1463 2504 velit,
1509 2456 1710 2502 quoniam
1748 2456 1881 2494 miser

317 2528 386 2565 ille
443 2528 566 2574 plane
614 2529 670 2566 sit
717 2529 901 2567 afflictus
950 2541 1003 2567 ex
1050 2541 1131 2578 quo
1179 2539 1310 2578 nepos
1357 2530 1438 2568 iter
1485 2531 1586 2568 illud
1630 2532 1877 2581 susceperit,

318 2603 545 2650 respondet
561 2614 568 2640 ε

552 2675 697 2728 ἄλγιον·
732 2675 815 2715 ἀλλ’
854 2678 976 2729 ἔμπης
1010 2696 1076 2730 μιν
1110 2680 1274 2731 ἐάσομεν
1309 2679 1525 2731 ἀχνύμενοί
1553 2696 1634 2731 περ.

552 2751 585 2789 εἰ
615 2752 686 2802 γάρ
720 2767 801 2799 πως
834 2754 891 2804 εἴη
925 2754 1139 2806 αὐτάγρετα
1171 2756 1299 2794 πάντα
1332 2757 1518 2807 βροτοῖσι,

551 2826 705 2876 πρῶτον
738 2842 804 2865 κεν
837 2835 905 2866 τοῦ
938 2830 1084 2881 πατρὸς
1117 2830 1302 2881 ἑλοίμεθα
1335 2831 1519 2881 νόστιμον
1551 2827 1670 2884 ἦμαρ.

377 2902 634 2949 Quantocius
697 2903 983 2950 recipiendam
1047 2907 1089 2943 in
1152 2909 1323 2945 textum
1381 2918 1532 2946 censeo
1591 2909 1879 2947 coniecturam
