2030 3439
880 357 958 396 1:35

346 478 481 519 τέκνον
513 478 620 530 ἐμὸν,
649 480 687 518 τί
715 495 760 529 με
792 486 911 519 ταῦτα
943 481 1102 533 διείρεαι
1135 480 1203 532 ἠδὲ
1236 486 1444 537 μεταλλᾷςς

346 555 393 595 οὐ
425 554 498 608 γὰρ
531 554 580 605 δὴ
612 561 750 594 τοῦτον
782 553 852 606 μὲν
882 555 1117 607 ἐβούλευσας
1150 557 1244 596 νόον
1276 557 1390 608 αὐτὴ,

199 632 284 670 480
345 628 397 678 ὡς
427 624 453 682 ἧ
484 645 542 670 τοι
572 630 728 678 κείνους
754 628 940 678 Ὀδυσεὺς
972 631 1194 671 ἀποτίσεται
1225 631 1377 680 ἕλθών;

343 704 487 757 ,Ρέρξον
519 705 624 753 ὅπως
657 705 823 753 ἐθέλεις·
849 707 922 746 mg.

198 783 451 832 Imperitum
497 785 669 832 poetam
717 784 857 832 arguit
903 794 1082 823 acervus
1125 785 1430 833 particularum
1475 796 1536 824 vs.
1582 786 1694 824 480:

142 857 195 906 ὡς
223 852 250 910 ἦ
280 872 350 898 τοι.

196 1008 277 1045 511
322 1017 384 1054 sq.
427 1008 519 1045 Iam
552 1007 708 1045 adsunt
740 1008 886 1046 hostes
919 1007 969 1045 ad
1003 1008 1173 1055 Ulyssis
1206 1008 1328 1056 fores,
1367 1009 1451 1046 iam
1486 1009 1575 1056 ipsc
1607 1011 1693 1046 stat

136 1083 330 1121 armatus
378 1092 475 1120 cum
523 1082 674 1128 sociis;
724 1082 792 1120 hic
839 1083 1040 1121 Minerva.
1093 1083 1294 1121 Mentoris
1341 1086 1514 1131 sumpta
1560 1083 1693 1131 figura

135 1159 323 1206 apparet.
383 1157 473 1206 Qua
529 1157 623 1195 visa
682 1157 867 1196 laetatur
925 1157 994 1195 ille
1042 1158 1215 1206 speique
1262 1158 1413 1206 plenus
1460 1158 1596 1197 filium
1643 1160 1693 1197 ad

136 1233 344 1282 proelium
378 1233 552 1272 excitat.
588 1233 668 1272 Hic
700 1233 1005 1272 Telemachus:

370 1307 500 1358 ὄψεαι,
529 1309 575 1347 αἴ
601 1305 638 1347 κ’
660 1307 875 1363 ἐθέλῃσθα,
905 1309 1023 1358 πάτερ
1056 1309 1156 1358 φίλε,
1188 1306 1282 1363 τῷδ’
1320 1308 1382 1347 ἐπὶ
1412 1313 1531 1363 θυμῷ

372 1382 420 1422 οὔ
454 1400 486 1422 τι
520 1385 827 1435 καταισχύνοντα
860 1384 944 1422 τεὸν
979 1383 1102 1434 γένος,
1134 1383 1184 1430 ὡς
1220 1383 1427 1435 ἀγορεύεις.

193 1460 274 1499 Hic
317 1471 483 1508 quoque
526 1471 572 1499 se
615 1461 754 1509 prodit
787 1461 990 1499 imitator.
1025 1461 1134 1499 Nam
1168 1463 1280 1499 recte
1313 1462 1483 1509 quidem
1517 1462 1691 1500 dicitur:

134 1532 223 1590 τῇδ’
259 1535 321 1574 ἐπὶ
353 1542 486 1591 μορφῇ
518 1537 586 1575 vel
614 1533 709 1590 τῷδ’
742 1535 802 1574 ἐπὶ
832 1537 977 1586 σώματι
1006 1536 1075 1575 οὐκ
1105 1532 1139 1575 εἷ
1163 1535 1360 1586 ἀνδρεῖοςε
1384 1547 1507 1585 „cum
1527 1537 1693 1575 vultum

135 1613 406 1661 speciemque
448 1613 606 1651 habeas
648 1613 866 1651 bellatoris
908 1613 1112 1661 ignavum
1155 1615 1301 1651 tamen
1340 1616 1381 1651 te
1413 1612 1616 1660 praebes’'
1651 1614 1693 1650 et

133 1688 304 1738 Similia,
349 1689 423 1727 sed
464 1684 558 1742 τῷδ’
607 1686 666 1726 ἐπὶ
704 1691 822 1741 θυμῷ
865 1687 912 1727 οὐ
945 1693 1188 1738 καταισχυνῶ
1219 1687 1260 1726 τὸ
1294 1686 1363 1726 σὸν
1396 1686 1530 1739 γένοςῑ
1568 1697 1689 1735 „n0n,

134 1774 232 1803 cum
265 1764 340 1803 tali
373 1764 457 1802 sim
485 1764 644 1803 virtute
676 1764 905 1812 praeditus,
935 1764 1126 1802 dedecori
1155 1773 1224 1801 ero
1251 1764 1350 1801 tuae
1377 1764 1521 1811 genti”
1550 1763 1689 1802 subin-

135 1840 283 1888 eptum
316 1842 393 1878 est.

190 2065 369 2103 Habetis
396 2065 695 2103 annotationes
713 2074 845 2112 meas⁷
867 2064 1025 2101 iustam
1044 2063 1269 2111 epistolam
1288 2063 1476 2100 nondum
1498 2062 1662 2100 habetis
1680 2074 1686 2099 :

133 2141 206 2179 illa
251 2140 367 2178 enim
409 2150 535 2178 suam
577 2140 657 2178 sibi
700 2138 937 2177 clausulam
980 2138 1168 2186 postulat
1182 2150 1190 2184 ;
1235 2148 1317 2176 non
1350 2140 1470 2185 potes
1502 2147 1598 2176 eam
1630 2137 1690 2175 sic

134 2217 296 2255 temere
338 2215 472 2254 finire.
517 2217 574 2254 At
614 2226 690 2263 ego
724 2215 822 2262 quid
855 2215 953 2252 novi
986 2214 1052 2251 his
1085 2214 1239 2251 addam
1271 2213 1426 2261 nescio,
1461 2223 1690 2259 vereorque

133 2302 185 2330 ne
237 2291 359 2340 plura
405 2291 492 2330 iam
540 2301 670 2339 quam
718 2300 822 2338 opus
870 2290 926 2327 sit
973 2289 1230 2336 scripserim.
1279 2288 1442 2336 Ergone
1488 2288 1690 2326 mulieres

132 2366 288 2415 imiter,
332 2377 440 2414 quae
483 2367 600 2405 omni
642 2365 851 2403 scribendi
895 2364 1106 2402 exhausta
1143 2364 1323 2402 materia
1356 2366 1502 2401 tamen
1534 2363 1690 2410 aliquid

132 2453 179 2481 se
221 2442 420 2481 omisisse
462 2441 626 2490 fingant
668 2442 715 2479 ut
756 2440 1132 2489 „post-scriptum”
1167 2439 1268 2476 illud
1301 2439 1480 2477 adiicere
1513 2440 1689 2487 possint,

133 2528 215 2565 quo
258 2518 338 2556 rite
382 2528 525 2556 carere
568 2516 732 2554 nullam
765 2515 1025 2553 arbitrantur
1058 2514 1315 2562 epistolam?
1349 2514 1427 2552 Sed
1461 2514 1689 2561 quidquam

134 2603 203 2631 me
235 2593 435 2631 omisisse
468 2603 520 2631 ne
553 2591 711 2640 fingere
745 2591 915 2639 quidem
948 2600 1137 2638 possum.
1174 2590 1275 2637 Quis
1308 2589 1423 2627 enim
1453 2589 1592 2627 credet
1621 2599 1689 2626 mc

134 2668 177 2705 in
207 2678 358 2716 pecore
389 2678 486 2706 meo
518 2667 781 2705 numerando
814 2675 965 2713 parum
996 2665 1128 2702 fuisse
1163 2664 1442 2712 diligentem?

192 2743 332 2781 Redeo
376 2753 474 2790 ergo
517 2743 627 2781 unde
669 2751 791 2780 orsus
827 2750 937 2778 sum.
973 2739 1164 2777 Profecto
1197 2739 1366 2786 ineptus
1399 2748 1538 2776 essem
1572 2737 1689 2775 dissi-

135 2818 333 2866 mulator,
378 2818 414 2856 si
456 2828 659 2865 negarem
700 2827 770 2854 me
802 2815 881 2854 hoc
912 2816 1129 2863 spectasse
1162 2816 1209 2851 ut
1242 2824 1338 2852 mea
1369 2823 1533 2860 quoque
1566 2823 1690 2860 opera

135 2893 243 2933 lucis
291 2893 449 2942 aliquid
495 2893 612 2942 poesi
660 2892 802 2941 epicae
850 2891 1034 2929 Graecae
1081 2889 1389 2928 affunderet-ur:
1435 2899 1558 2927 nemo
1601 2891 1690 2926 tarn
