2030 3439
1031 335 1111 372 1:26

345 458 496 496 Nullus
538 459 606 496 hicv
647 459 764 496 loeus
806 459 1047 506 pronomini
1079 457 1199 511 αὐτῇε
1234 459 1332 505 quid
1365 459 1480 496 enim
1514 459 1689 505 cogitari
1722 459 1846 497 debet
1889 505 1894 509 ¹

286 535 481 581 potestve
508 535 649 573 verbis
680 535 782 583 „tibi
810 535 917 582 ipsi”
946 535 1221 582 oppositum?
1246 534 1504 582 Legenduni,
1533 535 1581 571 ut
1603 535 1760 583 opinor,
1781 536 1847 572 est

286 608 398 658 αὐτή,
424 612 471 648 ut
498 611 603 648 haee
630 611 687 648 sit
711 611 844 648 totius
872 621 1023 649 versus
1050 611 1285 648 sententia:
1319 641 1335 659 ‚7
1346 611 1437 658 ipsa
1462 611 1580 648 illam
1602 611 1845 649 Cicatricem

286 686 436 724 lavans
464 697 563 729 eum
590 687 688 735 vidi,
718 687 810 734 ipsa
837 686 889 724 ad
916 688 958 724 te
980 686 1180 724 nuntium
1198 686 1306 724 ferre
1324 687 1481 735 volui,⁷'
1501 686 1610 733 quod
1627 686 1714 724 fere
1732 686 1846 724 idem

287 764 352 800 est
380 773 428 800 ao
455 763 490 800 si
518 763 698 800 diceret:
732 763 907 811 „statim
936 762 1009 800 illa
1030 763 1124 800 visa
1147 763 1372 800 Certiorem
1388 764 1431 800 te
1448 763 1587 800 facere
1604 762 1844 800 volebam.”

350 912 429 949 109
473 922 534 959 sq.
579 913 621 949 Si
664 922 812 950 revera
855 912 1037 949 maritus
1079 922 1183 949 suus
1226 912 1341 949 intus
1380 912 1447 959 sit,
1483 912 1595 949 haud
1628 910 1845 949 difficilem

286 990 373 1027 fore
405 988 472 1027 τὸν
504 987 804 1040 ἀναγνωρισμόν
836 988 1044 1035 Penelope
1076 987 1178 1025 dicit
1209 988 1288 1025 hoc-
1320 989 1573 1035 argumento
1605 997 1705 1025 usa:

1182 1061 1259 1100 ἔστι
1291 1061 1364 1114 γὰρ
1396 1057 1491 1112 ἧμιν

523 1135 685 1189 σήμαθ’,
715 1136 740 1176 ἃ
773 1137 821 1188 δὴ
853 1144 926 1176 νῶι
956 1135 1202 1189 κεκρυμμένα
1233 1137 1377 1188 Ἐίδμεν
1409 1134 1622 1176 ἀπ’ἅλλων.

347 1217 413 1254 Sic
449 1227 523 1254 vos
555 1216 697 1263 legitis
730 1226 803 1263 pro
837 1210 986 1263 σήμαθ’
1023 1211 1047 1250 ἃ
1080 1211 1128 1262 δὴ
1161 1211 1226 1250 καὶ
1261 1218 1342 1259 νῶι,
1368 1214 1504 1252 multo
1533 1214 1688 1252 melius
1716 1223 1842 1261 quarn

287 1293 370 1340 alii,
416 1292 486 1339 qui
520 1292 571 1329 acl
611 1292 804 1339 ineptum
838 1291 951 1328 istud
985 1289 1052 1326 καί
1082 1290 1392 1328 eliminandum
1425 1286 1576 1338 σήμαθ’
1612 1287 1636 1326 ἑὲ
1669 1287 1717 1338 δὴ
1749 1287 1846 1326 κατὰ

289 1374 357 1405 νῶι
389 1364 635 1418 κεκρυμμένα
669 1367 737 1405 vel
770 1361 920 1415 σήμαθ’
958 1363 983 1402 ἃ
1011 1363 1059 1414 δὴ
1087 1365 1221 1415 μούνω
1249 1363 1494 1414 κεκρυμμένα
1522 1366 1844 1413 proposuerunt.

288 1444 367 1481 Sed
395 1443 549 1481 vitium
577 1443 784 1491 superest,
815 1442 924 1489 quod
952 1442 1162 1488 quomodo
1189 1442 1281 1480 tolli
1308 1442 1445 1489 possit
1461 1451 1546 1479 non
1563 1441 1686 1479 video
1706 1452 1713 1478 :
1731 1442 1845 1479 recte

287 1519 401 1557 enirn
435 1518 517 1556 dici
547 1515 794 1568 κεκρυμμένα
826 1513 892 1554 ἀπ’
931 1514 1058 1555 ἄλλων
1085 1517 1197 1555 haud
1224 1517 1348 1555 facile
1375 1517 1483 1554 mihi
1508 1516 1844 1564 persuadebitur.

349 1669 427 1706 131
463 1678 524 1715 sq.
559 1667 619 1705 Ne
651 1668 781 1705 nimis
814 1667 896 1705 olto
928 1667 1105 1704 nuntius
1137 1667 1187 1704 de
1215 1667 1366 1705 occisis
1392 1667 1530 1714 procis
1557 1677 1631 1714 per
1657 1667 1843 1704 insulam

286 1745 523 1791 spargatur,
554 1742 823 1781 efficiendum
852 1752 945 1780 esse
973 1743 1020 1779 ut
1046 1743 1368 1789 praetereuntes
1397 1744 1438 1780 et
1455 1752 1583 1790 prope
1601 1742 1845 1780 habitantes

286 1819 458 1867 nuptias
509 1820 552 1857 in
599 1818 773 1857 aedibus
820 1819 948 1866 regiis
996 1818 1199 1856 celebrari
1246 1818 1431 1866 credant,
1481 1818 1662 1865 Ulysses
1708 1816 1845 1855 filium

288 1896 421 1934 (locet.
456 1895 577 1933 Iubet
610 1905 731 1942 ergo:

522 1975 655 2020 πρῶτα
687 1966 757 2019 μὲν
790 1966 837 2020 ἂρ
869 1968 1068 2007 λούσασθε
1100 1966 1166 2006 καὶ
1196 1966 1476 2018 ἀμφιᾟέσασθε
1507 1973 1683 2018 χιτῶνας,

525 2043 658 2100 δμῳὰς
691 2041 727 2082 δ’
764 2042 804 2082 ἐν
837 2043 1062 2096 μεγάροισιν
1095 2041 1260 2095 ἀνώγετε
1290 2039 1456 2094 ὧείμαθ’
1494 2041 1661 2082 ἑλέσθαι.

346 2123 466 2160 Itane
508 2123 627 2160 vero!
672 2121 789 2159 Haeo
831 2131 929 2169 ergo
972 2120 1054 2158 nisi
1096 2120 1294 2158 iussisset
1337 2120 1529 2168 Ulysses,
1564 2119 1846 2158 Telemachus

287 2198 474 2245 sociique
502 2195 596 2235 ἄνευ
624 2196 795 2247 χιτώνων
813 2197 1050 2244 manerent,
1071 2196 1345 2244 ancillaeque,
1364 2195 1641 2243 permittente
1659 2195 1843 2243 domino,

287 2273 425 2311 nudae
472 2274 521 2311 de
567 2273 717 2311 balneo
764 2283 838 2320 per
881 2273 1006 2310 aedes
1049 2272 1350 2309 ambularent?
1393 2272 1480 2308 Aut
1521 2270 1845 2318 imperitissimo

288 2350 437 2395 poetae
470 2350 586 2386 totus
614 2349 682 2386 hie
708 2348 827 2386 loeus
854 2347 1030 2385 debetur
1057 2349 1131 2385 aut
1159 2347 1298 2394 aliquo
1327 2347 1557 2384 infortunio
1585 2346 1711 2394 periit
1737 2345 1847 2393 quod

288 2423 541 2471 primarium
590 2425 692 2461 erat.
742 2424 833 2461 Non
877 2423 992 2461 enim
1034 2422 1333 2460 tantummodo
1376 2423 1569 2459 vestes
1612 2421 1846 2459 sumendae

288 2501 400 2548 sunt,
435 2500 508 2537 sed
540 2499 636 2536 illae
670 2501 813 2536 vestes
845 2499 997 2545 quibus
1029 2500 1220 2545 tempore
1252 2498 1361 2535 festo
1396 2497 1457 2534 uti
1489 2498 1814 2535 consueverunt.

352 2649 432 2686 166
461 2658 550 2695 sqq.
579 2647 769 2685 Uxorem
797 2648 1025 2684 adversum
1044 2647 1265 2684 sedentem
1283 2656 1418 2692 neque
1436 2656 1481 2683 se
1500 2647 1844 2683 commoventem

290 2724 349 2761 sle
382 2722 565 2770 Ulysses
598 2722 848 2769 alloquitur:

556 2797 754 2847 δαιμονίη,
784 2795 870 2847 περὶ
902 2796 965 2834 σοι’
994 2811 1036 2848 γε
1066 2801 1265 2847 γυναικῶν
1296 2796 1552 2847 θηλυτεράων

554 2879 627 2924 κῆρ
660 2871 876 2924 ἀτέραμνον
909 2871 1062 2922 ἔθηκαν
1088 2868 1279 2921 Ὀλύμπια
1314 2868 1459 2921 δώματ’
1496 2871 1654 2922 ἔχοντες.
