2030 3439
841 374 893 410 ⁶253

89 503 112 531 a
155 493 345 531 Minerva
377 493 623 531 immissum
657 495 800 533 adstat
832 498 873 534 et
905 497 1003 544 quid
1038 498 1174 536 tristis
1207 499 1262 537 sit
1297 502 1428 547 rogat.
1463 500 1536 539 Cui
1570 501 1641 538 illa

87 568 348 617 respondens
365 569 552 616 primum
571 569 621 607 de
639 571 782 608 mariti
801 574 938 610 morte
957 574 1249 620 conqueritur3
1270 575 1362 612 tum
1379 575 1482 614 haec
1501 576 1638 613 addit:

351 647 426 681 νῦν
457 637 508 681 αὗ
540 646 633 689 παῖς
665 642 862 695 ἀγαπητὸς
895 644 965 696 ἔβη
997 647 1129 697 κοίλης
1162 646 1224 686 ἐπὶ
1257 648 1365 699 νηὸς,

352 716 507 768 νήπιος,
537 715 625 757 οὔτε
655 718 790 757 πόνων
821 718 864 758 ἐὺ
898 720 1041 767 Ἑειδὼς
1074 718 1150 760 οὔτ’
1186 721 1377 774 ἀγοράων·

351 798 420 832 τοῦ
453 791 502 843 δὴ
535 791 608 844 ἐγὼ
639 792 705 831 καὶ
736 797 881 843 μᾶλλον
913 793 1105 847 ὀδύρομαι
1136 796 1161 847 ἤ
1192 811 1262 849 περ
1295 797 1456 838 ἐκείνου.

207 869 291 907 820
351 874 421 907 τοῦ
455 865 490 907 δ’
527 867 776 919 ἀμφιτρομέω
808 868 872 908 καὶ
905 869 1043 909 &suffia
1076 871 1128 922 μή
1160 888 1194 910 τι
1224 873 1392 927 πάθῃσι,

350 941 375 995 ἢ
408 943 429 982 ὅ
459 958 501 996 γε
533 950 609 982 τῶν
642 943 699 983 ἐνὶ
732 945 842 1000 δήμῳ
874 943 925 984 ἵν’
962 947 1115 998 οἴχεται,
1146 946 1171 999 ἢ
1204 947 1261 987 ε’νὶ
1291 949 1441 1004 πόντῳ·

350 1018 556 1070 δυσμενέες
587 1018 660 1072 γὰρ
692 1019 827 1058 πολλοὶ
859 1018 921 1059 ἐπ’
959 1021 1062 1075 αὐτῷ
1095 1023 1374 1074 μηχανάονται,

349 1093 525 1145 ,Ριέμενοι
555 1098 700 1134 κτεῖναι
730 1094 822 1146 πρὶν
853 1097 1020 1147 πατρίδα
1051 1101 1168 1149 γαῖαν
1199 1097 1365 1137 ἱκέσθαι.

147 1172 282 1220 Quam
309 1171 414 1210 utile
441 1171 498 1209 sit
525 1182 577 1209 ne
605 1172 827 1210 levissima
854 1173 1023 1220 quidem
1043 1174 1255 1222 negligere
1273 1175 1413 1213 brevis
1430 1177 1639 1223 quaedam

86 1249 231 1285 vestra
263 1247 315 1285 ad
346 1247 459 1285 hunc
491 1247 633 1285 locum
666 1249 885 1286 annotatio
914 1249 1061 1287 docere
1089 1251 1241 1297 potest.
1273 1251 1497 1288 Molestum
1527 1252 1640 1289 enim

85 1322 207 1361 vobis
249 1333 343 1361 esse
385 1323 601 1360 novicium
646 1323 759 1360 istud
802 1321 952 1361 ἐκείνου
995 1334 1068 1371 pro
1112 1323 1242 1362 κείνου
1285 1324 1549 1372 significatis
1593 1326 1643 1364 Et

85 1399 155 1446 qui
197 1398 239 1436 in
278 1408 476 1436 sermone
509 1398 626 1446 epico
659 1409 743 1436 non
775 1398 899 1446 plane
932 1399 1088 1446 hospes
1121 1400 1178 1436 sit
1209 1399 1388 1438 libenter
1421 1401 1641 1439 vobiscum

85 1474 225 1512 faciet.
261 1474 341 1511 Sed
368 1474 503 1511 semel
533 1474 777 1511 admonitus
805 1484 927 1521 porro
955 1474 1238 1512 considerabit
1264 1477 1433 1513 rectene
1461 1476 1644 1514 habeant

87 1550 229 1587 cetera
255 1549 412 1587 omnia.
443 1548 558 1597 Quod
585 1549 759 1586 facienti
787 1560 889 1587 mox
917 1549 953 1586 61
982 1549 1084 1586 haec
1113 1550 1243 1587 stabit
1271 1551 1485 1588 sententia
1502 1553 1640 1589 totum

85 1625 227 1663 locum
269 1635 294 1663 a
334 1625 480 1673 putido
523 1625 825 1672 interpolatore
868 1624 1154 1662 insulsissime
1193 1635 1286 1662 esse
1319 1625 1641 1673 amplificatum.

88 1701 282 1739 Primum
309 1700 479 1748 aegrius
507 1700 639 1738 etiarn
668 1710 795 1747 quain
824 1700 1006 1737 formam
1039 1700 1156 1737 illam
1186 1698 1334 1738 ἐκείνου
1363 1701 1427 1738 bis
1449 1701 1646 1749 deinceps

88 1777 130 1814 in
158 1787 309 1815 versus
337 1777 457 1814 initio
485 1776 673 1824 positum
701 1781 768 1813 τοῦ
797 1776 916 1813 feret.
945 1775 1104 1813 Deinde
1122 1786 1267 1813 secum
1287 1778 1449 1814 statuet
1466 1777 1644 1814 minime

88 1862 184 1890 eam
227 1862 322 1890 esse
364 1852 602 1899 Penelopen
644 1862 751 1898 quae
794 1852 945 1899 sponte
988 1851 1065 1888 hoc
1109 1851 1241 1888 dicat:
1285 1853 1479 1899 „propter
1511 1851 1645 1889 filiuni

87 1927 227 1975 magis
269 1927 401 1965 etiam
444 1937 574 1974 quam
615 1928 786 1974 propter
828 1927 1033 1964 maritum
1067 1926 1230 1963 doleo.”
1264 1927 1408 1973 Neque
1442 1928 1647 1974 temporis

87 2003 214 2040 huius
257 2003 359 2040 illud
402 2004 468 2040 est
509 2013 645 2050 neque
688 2003 791 2049 loci;
838 2002 938 2039 illud
982 2012 1108 2040 nemo
1147 2004 1280 2049 rogat,
1315 2001 1523 2049 habetque
1556 2002 1647 2040 duri

89 2078 246 2125 aliquid
279 2089 304 2116 a
334 2078 548 2125 loquentis
581 2088 761 2126 persona
794 2078 916 2125 plane
948 2077 1148 2115 alienum.
1186 2076 1289 2124 Quid
1323 2077 1431 2124 quod
1458 2088 1541 2115 uno
1569 2078 1646 2115 hoc·

88 2163 215 2191 versu
258 2154 436 2201 excepto
474 2153 695 2202 Penelope,
731 2163 836 2200 quae
869 2153 919 2191 de
951 2152 1107 2200 Ulysse
1140 2153 1362 2199 tamquam
1397 2152 1446 2189 de
1478 2154 1646 2191 mortuo

88 2229 286 2277 loquitur,
330 2227 416 2267 filio
458 2239 511 2267 ne
555 2229 652 2276 quid
697 2229 859 2266 accidat
902 2228 1027 2266 timet
1059 2228 1370 2275 tantummodo,
1406 2228 1643 2275 nequedum

89 2303 286 2351 desperat
328 2303 378 2342 de
421 2304 512 2341 eius
554 2304 704 2342 reditu.
749 2303 907 2341 Verum
942 2303 1077 2341 multo
1110 2303 1282 2350 gravius
1315 2303 1490 2350 deliquit
1523 2303 1645 2340 inter·

88 2378 254 2427 polator
285 2379 584 2427 pulcherrimis
616 2378 810 2417 versibus

323 2459 392 2492 τοῦ
427 2450 466 2492 δ’
503 2451 753 2505 ἀμφιτρομέω
787 2451 851 2490 καὶ
885 2450 1025 2491 δέδέια
1056 2452 1108 2502 μή
1141 2467 1175 2489 τι
1206 2451 1373 2506 πάθῃσι,

323 2527 348 2580 ἢ
381 2528 402 2568 ὅ
431 2544 472 2582 γε
504 2535 580 2568 τῶν
611 2527 669 2567 ε’νὶ
706 2528 816 2583 δήμῳ
848 2524 904 2566 ἵν’
940 2527 1093 2578 οἴχεται,
1125 2525 1150 2578 ἢ
1183 2526 1239 2565 ἐνὶ
1266 2526 1406 2581 πόντῳ.

89 2603 283 2643 inficetos
314 2605 443 2644 hosce
475 2607 517 2644 et
548 2606 727 2643 vitiosos
760 2604 972 2642 addendo:

324 2679 530 2731 δυσμενέες
562 2679 635 2732 γὰρ
667 2678 803 2718 πολλοὶ
835 2675 900 2717 ἐπ’
936 2678 1040 2733 αὐτῷ
1069 2678 1347 2729 μηχανάονται,

325 2753 502 2806 ,Ριέμενοι
537 2759 682 2794 κτεῖναι
713 2753 806 2805 πρὶν
839 2754 1005 2804 πατρίδα
1036 2757 1153 2805 γαῖαν
1185 2751 1351 2791 ἱκέσθαι.

146 2831 291 2878 Neque
334 2832 448 2870 enim
492 2842 726 2880 pronomen
757 2830 979 2878 personale
1011 2828 1129 2883 αὐτῷ,
1161 2840 1296 2876 neque
1329 2830 1543 2866 structura
1579 2843 1648 2876 μη·

90 2909 288 2956 χανᾶσθαι
320 2904 385 2944 ἐπί
408 2921 484 2945 τινι
511 2917 647 2955 neque
676 2907 866 2944 defectus
893 2905 1127 2944 accusativi
1154 2905 1223 2951 qui
1255 2903 1368 2941 verbi
1397 2905 1651 2953 μηχανᾶσθαι
