2030 3439
865 353 875 389 l
888 353 941 389 (Ἶῖ)

119 486 216 514 cum
247 475 370 523 genio
403 474 662 521 indulsisset,
698 476 841 511 tantas
875 475 1020 512 turbas
1051 476 1197 513 fecerit
1230 478 1276 513 ut
1305 476 1673 523 importunitatem

118 551 210 588 eius
256 549 460 597 Lapithae
507 548 627 595 gravi
668 558 803 595 poena
846 549 1113 595 plectendam
1156 550 1236 587 rati
1276 561 1400 588 aures
1438 561 1674 598 nasumque

118 625 156 662 ei
188 624 497 671 abscinderent,
531 623 681 660 deinde
714 624 852 670 ipsum
886 624 973 661 fato
1006 634 1082 662 suo
1120 625 1418 671 relinquerent.
1455 627 1672 673 Sequitur:

356 698 392 745 ἐξ
425 694 472 737 οὗ
505 699 750 748 κενταύροισι
781 697 847 736 καὶ
879 697 1044 748 ἀνδράσι
1080 703 1204 746 νεῖκος
1238 699 1397 750 ἐτύχθη,

352 775 423 813 fol
451 770 476 812 τ’
513 773 617 827 αὐτῷ
649 774 787 828 πρώτῳ
819 773 941 812 κακὸν
974 774 1113 824 ἠὕρετο
1145 776 1445 825 Ἑοινοβαριίων.

178 852 295 889 Haec
322 851 433 888 inter
460 860 505 888 se
524 851 566 887 et
584 860 681 888 cum
700 850 1050 897 praecedentibus
1069 852 1115 888 ut
1133 850 1237 888 bene
1256 851 1522 899 cohaereant,
1543 853 1676 891 altero

118 937 246 965 versu
278 936 352 974 pro
384 921 410 962 τ’
447 926 594 972 utique
629 926 869 973 recipienda
896 925 1021 963 lectio
1050 925 1211 972 aliquot
1240 926 1431 963 codicum
1462 923 1521 963 ‹)':
1555 927 1676 973 „hine

117 1004 259 1040 ortum
308 1003 409 1040 illud
458 1003 568 1040 inter
615 1001 850 1039 Centauros
898 1002 1185 1048 Lapithasque
1234 1002 1417 1039 bellurn:
1462 1004 1554 1040 sed
1598 1003 1676 1039 sibi

116 1079 253 1125 primo
286 1078 491 1125 Eurytion
522 1078 736 1115 malorum
770 1078 917 1114 auctor
950 1077 1130 1114 exstitit.

176 1228 259 1265 305
293 1237 354 1274 sq.
390 1228 458 1265 Sic
489 1227 627 1275 pergIt
659 1227 894 1265 Antinous:

236 1296 286 1348 ὦς
303 1301 368 1339 καὶ
385 1301 445 1340 σοὶ
463 1301 558 1353 μέγα
575 1308 684 1352 πῆμα
703 1302 990 1350 πιφαύσκομαι,
1006 1301 1103 1339 αἴκε
1122 1300 1162 1339 τὸ
1180 1301 1292 1347 τόξον
1321 1299 1325 1351 1
1355 1300 1578 1352 ἐντανύσῃς.

119 1378 276 1425 Ecquid
309 1377 422 1416 αἴκε
454 1377 502 1415 σὺ
535 1377 679 1424 τόξονῬ
712 1378 917 1416 Molestus
950 1378 1065 1414 enim
1099 1376 1303 1414 articulus
1335 1377 1418 1414 ille.

177 1526 260 1564 314
294 1536 355 1573 sq.
406 1527 692 1574 Reprehendit
732 1527 970 1565 Antinoum
1013 1527 1122 1574 quod
1164 1528 1254 1564 tam
1294 1526 1601 1564 contumeliose
1635 1526 1675 1563 in

117 1602 330 1649 hospitem
364 1602 591 1640 invehatur
623 1603 844 1651 Penelope,
880 1603 1029 1640 deinde
1062 1603 1129 1640 his
1158 1602 1297 1639 verbis
1326 1601 1675 1649 intempestivam

119 1678 210 1715 eius
242 1677 352 1716 ridet
383 1677 672 1716 iracundiam:

351 1751 526 1802 Ῐέλπεαι,
557 1751 603 1790 αἴ
628 1748 656 1802 χ’
693 1749 713 1790 ὃ
746 1752 870 1798 ξεῖνος
900 1748 1114 1801 Ὀδυσσῆος
1147 1749 1243 1802 μέγα
1274 1751 1387 1797 τόξον

354 1826 548 1882 ἐντανύσῃ
578 1826 707 1878 χερσίν
738 1841 775 1865 τε
807 1826 926 1877 βίηφί
954 1841 991 1864 τε
1022 1827 1127 1876 ,Ρῆφι
1158 1825 1347 1875 πιθήσας,

351 1901 517 1941 ,Ροίκαδέ
549 1900 581 1951 μ’
619 1900 780 1949 ἄξεσθαι
814 1901 880 1940 καὶ
913 1901 1012 1950 ἒιΡὴν
1044 1901 1243 1950 θήσεσθαι
1276 1899 1445 1943 ἅκοιτινς

174 1980 323 2018 Nonne
356 1979 496 2026 aliquo
528 1979 655 2017 modo
684 1978 955 2017 efficiendum
988 1980 1035 2016 ut
1068 1977 1267 2015 infinitivi
1297 1974 1458 2022 ἄξεσθαι
1488 1978 1529 2014 et
1556 1976 1674 2024 θήσε-

115 2059 211 2093 σθαι
252 2066 380 2094 suum
422 2055 503 2093 sibi
546 2055 731 2093 habeant
773 2055 1048 2092 subiectum?
1092 2053 1200 2091 Nam
1238 2053 1347 2099 quod
1379 2063 1490 2090 nunc
1522 2052 1674 2099 legitur

114 2129 273 2168 ,Ρέλπεαι
296 2161 301 2166 .
322 2161 327 2166 .
348 2161 353 2167 .
372 2130 536 2168 ,Ἐοίκαδέ
569 2128 600 2180 μ’
634 2128 798 2176 ἄξεσθαι
828 2130 932 2167 nihil
961 2130 1073 2167 aliud
1103 2127 1340 2175 significare
1364 2130 1504 2175 potest
1522 2138 1672 2173 quarn:

119 2207 326 2255 „putasne
358 2207 410 2244 te
441 2217 511 2244 me
540 2207 716 2245 domum
745 2216 839 2243 esse
867 2206 1093 2242 ducturum
1108 2205 1154 2241 ‘?”
1186 2204 1384 2241 Fortasse
1409 2213 1482 2250 pro
1511 2202 1674 2239 solantis

114 2281 343 2329 legendum
391 2280 523 2328 αὐτόν,
571 2292 667 2319 cum
715 2280 968 2329 praesertim
1011 2280 1200 2326 praestet
1242 2278 1291 2315 de
1333 2277 1527 2315 mendico
1567 2287 1672 2314 erra-

115 2356 254 2394 bundo
287 2356 531 2402 loquentem
566 2357 741 2394 domum
775 2356 866 2393 eius
899 2365 983 2392 non
1017 2363 1366 2391 commemorare.

173 2504 257 2541 362
290 2514 352 2551 sq.
397 2504 490 2542 Iam
533 2504 667 2542 affert?
698 2503 912 2540 Eumaeus
955 2512 1102 2539 arcum
1146 2501 1303 2548 Ulyssi‚
1345 2500 1418 2537 sed
1453 2500 1672 2545 increpant

116 2589 216 2616 eum
248 2579 363 2626 proci
395 2579 462 2617 his
495 2579 660 2617 verbis:

350 2659 405 2707 πῇ
438 2652 487 2702 δὴ
519 2653 704 2704 καμπύλα
737 2652 827 2699 τόξα
861 2650 1003 2702 φέρεις,
1035 2649 1223 2701 ἀμέγαρτε
1256 2650 1425 2700 συβῶτα,

350 2727 536 2779 πλαγκτές
568 2725 643 2778 τάχ’
679 2722 730 2766 αὖ
765 2724 798 2765 σ’
837 2723 892 2776 ἐφ’
929 2726 1037 2765 ὕεσσι
1070 2726 1184 2771 κύνες
1217 2723 1342 2775 ταχέες
1375 2723 1613 2762 κατέδονται.

172 2803 293 2841 Itane
336 2805 468 2841 vero?
513 2805 739 2852 „Fortasse
783 2804 987 2841 iterum
1029 2804 1071 2839 te
1114 2811 1240 2839 canes
1283 2800 1586 2837 devorabunt.“
1623 2799 1673 2835 Et

115 2877 253 2915 videte
282 2889 410 2925 quam
440 2879 497 2916 sit
524 2879 742 2926 ingratum
770 2878 883 2915 istud
911 2873 1203 2926 τάχ“...ταχέες.
1238 2875 1498 2913 Brevissimo
1528 2876 1668 2911 autem
