2030 3439
1083 364 1136 403 84

390 491 464 531 Cui
497 492 565 529 hic
598 502 681 529 non
716 491 758 528 in
791 491 984 528 mentem
1017 490 1135 528 venit
1168 490 1247 528 loci
1282 490 1323 527 in
1356 491 1488 528 lliade
1522 491 1558 526 Γ
1589 490 1668 528 146
1703 500 1816 538 sqq.:

565 567 603 604 οἳ
634 563 668 603 δ’
707 564 805 615 ἀμφὶ
845 565 1025 615 Πρίαμον
1059 564 1121 602 καὶ
1155 565 1350 603 Πάνθοον
1383 563 1451 615 ἠδὲ
1486 565 1685 615 Θυμοίτην

565 642 737 691 Λάμπον
770 655 806 678 τε
840 640 1011 679 Κλύτιόν
1043 637 1090 678 θ’
1120 637 1318 678 Ἱκετάονά
1350 637 1401 688 τ’,
1435 639 1523 686 ὄζον
1548 638 1702 691 Ἄρηος,
1760 665 1766 670 -

566 714 798 767 Οὐκαλέγων
831 730 877 753 τε
919 714 1004 753 καὶ
1042 715 1245 767 Ἀντήνωρ,
1277 714 1594 766 πεπνυμένω
1637 714 1799 765 ἄμφω,

563 792 657 842 ’ἥατο
692 789 972 843 δημογέροντες
1006 790 1067 829 ἐπὶ
1100 794 1270 846 Σκαιῇσι
1302 791 1458 846 πύλῃσι.

384 870 572 917 Apparet
614 870 759 906 autem
803 865 843 905 ἐκ
885 867 1007 905 τῶνδε
1046 873 1124 905 τῶν
1156 867 1415 917 παραλλήλων
1447 867 1597 918 χωρίων
1629 868 1886 916 posteriores

325 946 484 992 poetas,
530 944 661 981 etiam
705 953 776 980 eos
815 943 884 989 qui
917 943 1293 990 praestantissima
1324 943 1502 981 fecerint
1534 941 1707 992 ἐπύλλια,
1738 945 1885 981 tamen

325 1030 497 1068 operam
525 1029 695 1066 semper
723 1019 889 1056 dedisse
907 1020 1101 1065 utquam
1120 1019 1443 1057 accuratissime
1462 1019 1721 1057 vetustiores
1738 1020 1887 1067 poetas

324 1096 607 1141 imitarentur,
654 1094 824 1131 illorum
867 1103 1019 1131 versus
1051 1092 1164 1132 fideli
1197 1094 1388 1132 tenuisse
1421 1095 1641 1142 memoria,
1678 1095 1817 1144 atque,
1852 1095 1889 1132 si

324 1172 383 1209 ita
416 1181 482 1208 res
515 1170 655 1219 ferret,
691 1169 786 1207 illos
819 1170 886 1207 Vel
920 1170 1109 1217 integros
1141 1170 1210 1208 vel
1242 1170 1486 1217 fragmenta
1519 1180 1666 1208 eorum
1699 1170 1760 1208 ita
1792 1170 1888 1208 aliis

324 1247 583 1294 adiunxisse,
628 1247 676 1283 ut
716 1256 822 1292 quae
865 1245 995 1283 verba
1028 1245 1131 1283 olim
1164 1256 1322 1293 magna
1355 1256 1452 1284 cum
1486 1246 1699 1293 gravitate
1731 1246 1891 1294 scripta

325 1323 480 1369 essent,
519 1322 560 1360 in
594 1322 729 1360 risum
765 1322 990 1369 iocumque
1022 1323 1304 1360 verterentur.
1339 1322 1488 1360 Nonne
1521 1323 1635 1360 enim
1669 1323 1890 1370 parodiam

324 1397 461 1434 facere
505 1398 684 1446 videtur7
721 1398 792 1445 qui
826 1408 999 1436 versum
1033 1397 1135 1436 olim
1168 1398 1218 1435 de
1251 1397 1424 1435 senibus
1458 1397 1737 1436 Troianorum
1770 1409 1890 1446 gran-

325 1473 482 1520 daevis,
528 1473 678 1520 ingens
722 1473 822 1510 illud
861 1473 1021 1511 bellurn
1055 1473 1361 1521 spectantibus,
1397 1473 1636 1511 adhibitum
1668 1474 1890 1521 detorquet

324 1549 374 1586 ad
423 1549 707 1586 nominandos
755 1549 915 1586 iudices
962 1549 1005 1586 in
1052 1549 1212 1587 ludicro
1255 1549 1326 1587 illo
1370 1549 1551 1587 duorum
1593 1550 1888 1588 mendicorum

324 1625 590 1662 certamine?
648 1624 737 1662 Hoc
795 1626 942 1662 tamen
1001 1625 1219 1662 cachinnis
1277 1625 1517 1663 excitandis
1565 1625 1706 1673 aptius
1753 1625 1884 1663 etiam

323 1700 444 1746 quod.
488 1700 657 1737 isicium
716 1701 959 1738 maximum
1017 1700 1436 1748 pinguissimumque
1484 1701 1754 1748 proeliaturis
1801 1701 1885 1739 illis

322 1778 545 1823 tamquam
587 1777 827 1824 praemium
870 1777 1065 1824 proponit
1104 1777 1317 1815 Antinous
1351 1778 1559 1815 eiusmodi
1593 1778 1735 1815 verbis
1767 1788 1884 1826 usus,

323 1854 368 1889 ut
426 1852 558 1890 lector
615 1862 698 1889 non
751 1853 887 1900 possit
934 1853 1035 1899 quin
1082 1852 1231 1890 statim
1282 1854 1439 1901 cogitet
1488 1854 1538 1891 de
1585 1864 1741 1902 magno
1789 1864 1887 1902 rege

322 1927 646 1974 Agamemnone
704 1927 959 1965 bellatorum
1018 1928 1178 1975 optimo
1237 1929 1393 1966 Achilli
1450 1938 1630 1967 uxorein
1682 1929 1886 1967 offerente

323 2002 507 2040 filiarum
551 2013 739 2051 suarum,
785 2014 891 2050 quae
925 2004 1118 2042 maxime
1150 2004 1369 2053 placuerit,
1405 2005 1441 2042 si
1474 2005 1525 2043 ad
1558 2005 1718 2043 bellum
1751 2006 1886 2043 redire

324 2079 516 2117 voluerit.

385 2229 437 2266 95
472 2238 561 2274 sqq.
596 2228 644 2266 In
678 2229 767 2276 ipso
801 2231 946 2267 autem
981 2231 1215 2269 certamine

1169 2303 1188 2344 ὃ
1222 2303 1292 2356 μὲν
1325 2304 1442 2356 «ἤλασε
1477 2306 1604 2353 δεξιὸν
1638 2301 1744 2357 ὦμον

502 2379 631 2428 Έῐρος,
662 2376 681 2417 ὃ
716 2376 751 2417 δ’
790 2377 916 2431 αὐχέν’
952 2380 1111 2420 ἔλασσεν
1142 2379 1212 2421 ὑπ’
1251 2380 1404 2433 οὔατος,
1437 2380 1548 2421 ὀστέα
1583 2379 1618 2421 δ’
1655 2383 1744 2421 εἴσω

502 2452 678 2491 ἔθλασεν·
713 2454 851 2493 αὐτίκα
885 2452 923 2494 δ’
959 2451 1084 2507 ἦλθεν
1116 2457 1193 2496 ιῖινὲι
1225 2458 1345 2507 στόμα
1379 2458 1539 2507 φοίνιον
1573 2454 1682 2509 αἷμα,

502 2526 577 2566 κὰδ
610 2525 644 2566 δ’
683 2527 785 2567 ἕπεσ’
824 2530 864 2568 ἐν
899 2533 1052 2586 κονίῃσι
1086 2532 1235 2583 μακὼν,
1267 2533 1340 2572 σὺν
1373 2530 1408 2571 δ’
1446 2531 1559 2584 ἤλασ’
1598 2532 1773 2580 ὀδόντας.

385 2605 464 2642 Hic
497 2605 595 2651 quid
628 2605 831 2644 ultimum
865 2608 979 2646 istud
1013 2608 1086 2646 σὺν
1119 2606 1154 2647 δ’
1191 2606 1303 2659 «ijiao'
1336 2606 1499 2655 ὀδόντας
1526 2610 1739 2658 significet
1765 2611 1887 2649 iuxta

325 2690 421 2717 cum
465 2680 751 2727 ignarissimis
795 2682 952 2731 ignoro,
999 2695 1095 2722 cum
1139 2685 1393 2733 praesertim
1436 2685 1486 2723 de
1529 2696 1576 2723 eo
1621 2687 1785 2725 dicatur
1817 2686 1887 2733 qui

324 2756 462 2793 victus
509 2755 645 2793 iaceat
693 2757 825 2795 humi.
870 2759 1005 2797 Nemo
1049 2760 1164 2798 enim
1207 2760 1434 2798 contendet
1476 2761 1560 2798 illis
1603 2762 1744 2800 verbis
1787 2772 1886 2799 eum

325 2831 517 2868 dentium
556 2830 785 2878 significari
821 2834 1029 2881 crepitum
1063 2836 1132 2882 qui
1167 2846 1390 2883 aegrorum
1425 2837 1713 2875 metuentium
1747 2837 1886 2885 algen-

326 2905 435 2942 tium
470 2916 563 2943 esse
597 2906 745 2945 soleat.
