2030 3439
1110 372 1163 409 92

566 499 662 545 ξεῖνε
695 495 786 547 φίλ’,
818 497 864 535 οὔ
897 496 969 548 γάρ
1003 496 1063 534 πώ
1095 511 1150 542 τις
1183 494 1282 547 ἀνὴρ
1315 493 1562 545 πεπνυμένος
1595 489 1670 533 ὦδε

565 574 701 620 ’ξείνων
733 573 960 623 τηλεδαπῶν
994 571 1134 621 φιλίων
1167 570 1260 621 ἐμὸν
1293 572 1392 610 ἵκετο
1428 572 1548 621 δῶμα.

418 651 498 688 Hie
544 651 614 688 diu
661 650 812 688 dubius
859 649 990 687 haesi.
1035 649 1211 687 Affertis
1253 663 1281 686 ω
1321 650 1417 697 268,
1452 649 1526 687 sed
1558 646 1645 686 11110
1676 646 1917 685 rectissime

358 726 420 764 sie
451 726 626 774 legitur:

1065 797 1113 838 οὔ
1144 798 1205 837 πώ
1236 814 1292 845 τις
1323 798 1460 850 βροτὸς
1492 797 1605 845 ἄλλος

626 875 762 922 ξείνων
792 875 1019 926 τηλεδαπῶν
1051 874 1193 924 φιλίων
1226 873 1320 925 ε’μὸν
1352 874 1450 913 ἵκετο
1484 874 1606 924 δῶμα.

417 953 530 1001 Quae
577 953 638 991 510
684 952 910 990 vertenda:
963 961 1044 1000 „ex
1085 951 1304 999 hospitum
1346 951 1491 999 procul
1523 951 1812 989 habitantium
1844 961 1915 988 nu-

358 1039 475 1067 mero
522 1038 647 1067 nemo
695 1038 884 1075 unquam
925 1027 1033 1065 mihi
1075 1027 1210 1065 carior
1257 1027 1433 1065 domum
1464 1037 1608 1064 meam
1642 1026 1801 1065 veniis
1838 1027 1918 1065 Sed

358 1104 425 1142 hie
468 1102 566 1153 ἀνήρ
609 1105 777 1152 praeter
818 1103 940 1141 illum
985 1103 1327 1151 comparativum
1371 1103 1413 1140 51
1445 1103 1559 1141 aliud
1597 1102 1725 1141 habet
1757 1102 1918 1150 apposi-

358 1183 450 1219 tum
496 1177 755 1229 πεπνιῃιένος,
798 1190 905 1227 quae
952 1179 1082 1217 51111111
1128 1179 1228 1217 ferri
1276 1190 1359 1217 non
1406 1180 1598 1227 possunt,
1648 1179 1731 1216 nisi
1778 1178 1918 1225 aliquo

357 1257 467 1294 111151
514 1266 559 1294 55
605 1255 836 1303 iungantur
876 1254 1060 1293 vinculo.
1104 1254 1262 1302 Utique
1305 1265 1403 1302 ergo
1446 1254 1733 1302 recipiendam
1768 1263 1919 1292 censeo

356 1332 583 1370 lectionem
631 1329 772 1379 φιλίων
806 1326 844 1367 τ’.
889 1330 1020 1369 Credo
1063 1330 1179 1369 enim
1221 1331 1334 1368 huno
1375 1330 1530 1379 locum,
1565 1340 1663 1368 oum
1697 1316 1918 1368 5111111115-

356 1408 517 1445 tionem
562 1406 675 1443 illius
719 1421 746 1442 ω
792 1407 875 1444 268
915 1406 1183 1455 scriberetur,
1229 1407 1270 1444 51
1307 1406 1488 1444 viciniae
1523 1406 1808 1454 adaptaretur,
1844 1404 1918 1442 mi-

357 1494 437 1521 nus
486 1483 727 1532 elegantem
776 1483 980 1532 evasisse,
1038 1483 1111 1520 sed
1163 1484 1310 1521 tamen
1363 1493 1462 1520 eum
1509 1492 1698 1530 sensum,
1739 1493 1820 1529 quo
1852 1482 1921 1520 hie

358 1570 462 1607 opus
504 1560 572 1609 511,
627 1560 720 1598 51101
758 1570 905 1607 posse:
944 1569 1096 1607 „nemo
1129 1569 1319 1606 unquam
1351 1559 1672 1606 peregrinorum
1704 1559 1796 1597 tam
1828 1569 1920 1606 pru-

357 1636 460 1674 dens
493 1636 745 1684 mihique
787 1636 970 1673 carior
1004 1638 1090 1683 (pro
1123 1634 1211 1672 vel
1243 1634 1380 1672 mihi
1414 1634 1610 1675 carior)
1644 1635 1725 1673 huc
1758 1633 1918 1672 venit”.

357 1712 465 1749 Nam
513 1712 756 1750 versionem
802 1713 995 1750 vestram
1045 1710 1229 1749 carior
1271 1720 1427 1757 quam
1469 1711 1600 1748 511111
1631 1710 1920 1759 peregrini

357 1787 533 1835 probare
566 1798 649 1826 non
681 1798 871 1836 possum.

417 1940 500 1978 363
535 1950 624 1987 sqq.
668 1940 779 1978 Dum
821 1940 1004 1988 hospitis
1039 1940 1168 1988 pedes
1201 1940 1318 1978 lavat
1350 1939 1569 1987 Euryclea,
1604 1939 1672 1977 his
1704 1939 1846 1977 verbis
1878 1939 1921 1976 in

358 2015 615 2054 memoriam
647 2016 757 2054 redit
788 2016 949 2054 domini
988 2015 1161 2054 amissi:

563 2090 592 2128 ὤ
626 2107 690 2141 μοι
723 2090 795 2143 ἐγὼ
828 2089 905 2141 σέο,
935 2089 1085 2142 τέκνον,
1115 2090 1325 2141 ἀμήχανος·
1358 2084 1382 2140 ἦ
1416 2101 1455 2128 σε
1487 2089 1575 2140 περὶ
1609 2089 1707 2135 Ζεὺς

566 2165 792 2217 ἀνθρώπων
824 2165 974 2218 ἤχθηρε
1005 2165 1181 2206 θεοδῐέα
1214 2165 1348 2216 θυμὸν
1380 2164 1525 2216 ἔχοντα.

565 2242 610 2280 οὐ
644 2242 715 2293 γάρ
748 2242 807 2280 πώ
839 2258 893 2288 τις
926 2241 1044 2281 τόσσα
1077 2243 1228 2293 βροτῶν
1263 2240 1328 2279 Διὶ
1361 2241 1648 2295 τερπικεραύνῳ

563 2318 681 2356 πίονα
715 2315 821 2368 μηρί’
854 2314 928 2368 ἔκη’
966 2314 1056 2356 οὐδ’
1095 2316 1268 2364 ἐξαίτους
1302 2315 1532 2368 ἑκατόμβας,

566 2393 660 2430 ὅσσα
693 2393 741 2431 σὺ
774 2400 824 2447 τῷ
858 2392 1012 2439 ἐδίδους
1044 2391 1259 2444 ἀρώμενος,
1296 2387 1365 2442 ἧος
1398 2392 1497 2430 ἵκοιο

564 2468 685 2519 γῆράς
718 2483 754 2506 τε
786 2471 951 2518 λιπαρὸν
982 2466 1156 2519 θρέψαιό
1188 2483 1226 2506 τε
1258 2468 1448 2518 φαίδιμον
1481 2468 1580 2505 υἱόν.

419 2544 519 2592 Quis
555 2555 745 2592 unquam
783 2545 890 2583 vidit
933 2545 1277 2583 coniunctionem
1314 2538 1384 2594 ἧος
1413 2554 1438 2582 a
1464 2545 1592 2582 verbo
1621 2542 1795 2595 ἀρᾶσθαι
1822 2554 1917 2592 pen-

359 2620 565 2658 dentem?

419 2772 501 2809 532
550 2781 640 2818 sqq.
690 2772 738 2809 In
787 2772 919 2809 altero
968 2772 1174 2819 colloquio
1222 2771 1380 2820 hospiti
1428 2771 1636 2819 Penelope
1678 2771 1825 2808 narrat
1858 2780 1916 2818 se,

359 2846 562 2893 quamdiu
609 2845 721 2883 filius
767 2857 925 2894 parvus
958 2848 1084 2896 55551,
1125 2847 1313 2885 1101111555
1347 2847 1472 2885 alicui
1504 2857 1728 2895 procorum
1761 2846 1919 2883 nubere

360 2922 617 2968 domumque
651 2921 901 2969 relinquere.
937 2922 1046 2960 Tum
1079 2923 1140 2961 510
1171 2922 1331 2971 pergit:
