2030 3439
880 367 957 404 101

200 487 280 526 153
324 498 386 535 sq.
429 488 573 535 Neque
616 489 805 537 intelligo
843 501 925 538 quo
957 501 1086 529 sensu
1120 492 1185 529 hi(-
1220 496 1259 530 οἵ
1299 494 1378 530 170
1412 504 1471 540 sq.
1507 495 1556 531 (lc
1590 504 1686 532 arcu

138 561 302 600 dicatur
339 562 520 612 ἀριστῆας
554 564 755 610 κεκαδήσει
794 572 924 612 &vinosi
959 565 1020 602 καὶ
1058 572 1193 615 ψυχῆς.
1227 568 1293 605 An
1326 567 1404 605 hOC
1442 579 1587 616 ..roges
1621 569 1689 607 ille

136 637 295 676 frustra
327 638 635 686 defetigabit'’?
667 640 724 678 At
757 642 966 687 quomodo
1001 642 1113 679 istud
1147 642 1242 680 inde
1276 643 1528 681 eliciamus?

199 787 280 825 186
313 797 374 834 sq.
409 786 672 825 Calefaciunt
704 798 850 826 arcum
884 792 925 827 et
958 790 1187 837 pel-fricant
1219 790 1339 838 adipe
1372 792 1497 837 proci,
1532 793 1604 829 sed
1639 803 1689 830 ne

137 862 198 899 sic
230 862 402 909 quidem
433 862 606 901 tendere
639 874 737 901 eum
770 867 972 911 possunt:

376 937 568 983 Ἀντίνοος
601 934 636 976 δ’
673 935 722 976 ἔτ’
760 937 881 989 ἐπεῖχε
914 938 977 976 καὶ
1013 938 1248 990 Εὐρύμαχος
1281 933 1505 990 &eo-feton&

374 1010 483 1064 ἀρχοὶ
514 1013 758 1064 μνηστήρων·
791 1012 905 1068 ἀρετῇ
940 1012 974 1052 δ’
1013 1014 1104 1052 ἴσαν
1138 1011 1236 1065 ἔξοχ’
1273 1013 1432 1062 ἄριστοι.

197 1088 449 1127 Annotatis:
486 1085 548 1137 „d'
585 1085 637 1126 ἔτ’
668 1085 737 1137 U2,
769 1089 809 1127 δέ
836 1104 872 1127 τε
901 1091 1016 1129 codd.
1047 1091 1234 1138 plerique
1264 1093 1307 1129 ut
1338 1092 1404 1129 hic
1432 1092 1488 1130 sit
1516 1103 1690 1130 sensus:

137 1166 191 1202 at
237 1165 527 1203 retinebat
574 1175 665 1203 eos
714 1166 1006 1204 Antinous.
1058 1167 1138 1204 Sed
1185 1168 1310 1214 poeta
1357 1167 1493 1205 dicere
1538 1168 1691 1205 voluit:

137 1239 417 1278 Antinous
461 1250 588 1278 vero
632 1243 684 1278 et
725 1241 1108 1288 Eurymachus
1151 1243 1387 1280 nondum
1422 1244 1604 1281 victos
1637 1255 1692 1281 se

136 1315 467 1353 fatebantur
500 1316 739 1360 (hielden
770 1327 874 1364 nog
905 1317 1051 1357 vol).’'
1085 1319 1141 1355 At
1170 1316 1316 1367 ἐπέχειν
1349 1329 1432 1356 non
1466 1329 1559 1356 esse
1588 1330 1690 1366 per-

136 1400 401 1429 severare
447 1392 515 1429 vel
562 1393 689 1429 notus
736 1392 807 1430 ille
851 1392 1133 1440 imperativus
1182 1391 1329 1443 ἐπίσχες
1379 1394 1512 1431 docet.
1559 1395 1692 1442 Quare

136 1466 367 1504 videndum
415 1477 469 1504 an
516 1477 600 1505 non
647 1467 789 1515 potius
835 1469 941 1506 haec
987 1469 1044 1506 sit
1087 1469 1324 1507 sententia:
1374 1470 1609 1517 „Antinous
1653 1472 1693 1507 et

135 1541 433 1589 Eurymachus
464 1543 697 1581 manebant
725 1544 869 1592 etiam,
900 1554 924 1582 a
951 1555 997 1582 se
1025 1545 1253 1592 impetrare
1282 1545 1469 1582 nondum
1497 1548 1690 1592 poterant

135 1617 184 1654 ut
225 1617 275 1655 de
317 1619 471 1656 conatu
515 1618 782 1657 desisterent.
827 1619 965 1658 Ceteri
1007 1630 1107 1658 vero
1145 1620 1231 1658 iarn
1265 1620 1574 1668 desponderant
1608 1621 1691 1658 ani-

136 1702 269 1741 mum,
303 1694 478 1740 totoque
511 1694 672 1732 omisso
705 1695 939 1733 certamine
973 1696 1264 1734 assederant.‘’

195 1842 276 1880 217
306 1852 368 1889 sq.
396 1842 583 1881 Eumaeo
608 1844 736 1890 atque
754 1844 933 1881 bubulco
952 1844 1121 1891 egregia
1139 1845 1351 1891 promittit
1369 1845 1476 1882 dona
1498 1844 1688 1892 Ulysses.

134 1917 171 1955 si
203 1917 284 1955 sibi
316 1918 360 1955 in
391 1918 549 1965 proelio
582 1928 679 1956 cum
712 1919 850 1966 procis
882 1918 1051 1957 fidelem
1083 1920 1335 1957 nav-<iverint
1369 1930 1554 1967 operam.
1585 1920 1692 1957 Tum

133 1993 196 2031 sic
227 1993 386 2041 pergit:

372 2068 406 2106 εἰ
436 2065 474 2106 δ’
510 2067 578 2120 ἄγε
612 2068 660 2119 δὴ
691 2067 756 2107 καὶ
789 2075 893 2119 σῆμα
926 2067 1140 2119 ἀριφραδὲς
1172 2068 1263 2107 ἄλλο
1296 2084 1330 2106 τι
1363 2069 1487 2115 δείξω,

374 2142 478 2193 ὄφρα
511 2141 549 2194 μ’
588 2143 630 2183 ἐὺ
663 2151 812 2195 γνῶτον
844 2145 1095 2193 πιστωθῆτόν
1127 2142 1158 2182 τ’
1197 2143 1253 2182 ἐνὶ
1285 2149 1416 2198 θυμῷ.

196 2219 277 2257 Hic
307 2229 381 2266 pro
414 2219 448 2257 εἰ
478 2219 520 2257 δέ
551 2221 694 2268 legitis
727 2216 799 2257 zi':
828 2223 954 2268 recte,
987 2222 1032 2258 ut
1060 2220 1218 2268 opinor.
1249 2222 1389 2267 Atque
1418 2231 1548 2268 aeque
1577 2221 1695 2257 illam

136 2294 365 2333 lectionem
406 2295 535 2343 probo
579 2296 600 2332 ὁ
639 2297 722 2334 832
757 2296 828 2333 ubi
860 2296 1068 2343 Penelope
1101 2296 1334 2343 imaginem
1368 2296 1524 2333 sororis
1558 2295 1637 2332 sibi
1671 2306 1693 2332 a

137 2371 327 2409 Minerva
358 2381 432 2419 per
464 2381 665 2409 somnum
698 2371 881 2409 missam
913 2370 974 2408 sic
1008 2370 1164 2417 alloqui
1198 2370 1368 2417 incipit:

402 2445 436 2484 εἰ
465 2443 535 2496 μὲν
569 2445 618 2495 δὴ
650 2446 744 2492 θεός
777 2445 857 2483 ἐσσι
890 2445 1001 2484 θεοῖό
1034 2458 1072 2483 τε
1104 2443 1234 2490 ἔκλυες
1267 2443 1411 2493 αὐδὴν,

402 2516 448 2559 εἶ’
484 2519 552 2573 ἄγε
585 2536 650 2570 μοι
682 2520 748 2559 καὶ
779 2524 910 2559 κεῖνον
943 2518 1099 2567 ὀιζυρὸν
1132 2519 1352 2566 κατάλεξον.

197 2596 327 2635 Plane
365 2596 422 2635 ibi
464 2597 696 2635 absurdum
729 2597 838 2635 foret
871 2595 904 2633 εἰ
935 2593 985 2633 δ’.
1020 2596 1137 2633 Idem
1170 2595 1250 2633 dici
1283 2597 1423 2642 potest
1457 2595 1506 2631 de
1540 2609 1557 2642 χ
1594 2595 1692 2631 391.

138 2671 218 2710 His
250 2672 392 2710 verbis
424 2671 562 2711 filium
594 2673 779 2721 appellat
809 2672 1012 2719 Ulysses:

349 2744 550 2798 Τηλέμαχ’,
581 2744 625 2786 εἶ’
662 2746 729 2799 ἄγε
762 2761 826 2797 μοι
858 2747 1020 2784 κάλεσον
1052 2744 1199 2794 τροφὸν
1238 2742 1510 2792 Εὖρυκλέειαν.

199 2822 404 2870 Quamvis
437 2823 551 2861 enim
584 2823 710 2861 multi
744 2822 909 2860 codices
942 2822 1009 2859 hic
1042 2820 1075 2858 εἰ
1106 2817 1140 2856 δ’
1176 2821 1370 2867 habeant.
1400 2821 1545 2857 tamen
1574 2819 1694 2855 unice

139 2907 290 2936 verum
333 2899 399 2936 est
443 2893 489 2935 εἶ’
535 2898 644 2945 quod
687 2899 730 2935 in
773 2897 888 2934 nullo
930 2896 1011 2943 legi
1054 2896 1232 2933 videtur.
1273 2895 1351 2931 Sed
1386 2904 1468 2931 non
1501 2893 1692 2930 omnium
