2030 3439
1091 359 1143 395 24

345 486 581 532 „obiectum
625 484 861 521 directum'’
911 483 1126 520 contineat
1174 482 1258 519 ullo
1301 482 1427 520 modo
1468 482 1569 519 ferri
1611 482 1766 529 potest.
1809 481 1902 519 Hoc

340 561 479 598 solum
523 560 623 597 dicit
661 559 890 605 Penelope:
930 557 1040 605 „filio
1074 567 1126 594 ne
1159 557 1258 603 quid
1292 557 1455 595 accidat
1488 558 1634 594 metuo
1667 556 1758 594 sive
1790 556 1916 594 mari·

341 636 431 673 sive
474 636 515 672 in
557 637 669 672 terra
697 634 1059 682 peregrinorum.''
1095 633 1278 670 Omnino
1312 633 1393 670 iter
1424 633 1695 670 maritimum
1727 632 1901 670 facienti

341 711 476 748 multa
515 710 761 757 impendent
791 708 989 756 pericula,
1024 717 1109 745 non
1140 708 1250 745 mari
1282 707 1423 745 solum
1456 708 1530 745 sed
1563 708 1695 745 etiam
1728 717 1826 745 cum
1858 707 1901 745 in

340 786 529 833 ignotam
577 785 763 831 aliquam
812 783 1001 821 escendit
1044 783 1285 830 regionem:
1333 793 1460 831 saepe
1504 783 1619 820 enim
1659 783 1812 820 accidit
1855 784 1902 821 ut

339 860 491 907 aliquis
531 860 582 897 ad
614 861 775 897 terram
808 858 993 906 appellat
1025 856 1171 908 ἀγρίων
1203 871 1241 895 τε
1273 856 1337 894 καὶ
1370 856 1577 908 ὑβριστῶν.
1611 858 1703 896 Hoc
1735 868 1900 905 quoque

338 935 570 973 tenendum
588 935 723 981 ipsam
744 934 983 981 Penelopen
1001 943 1221 980 nunquam
1238 934 1506 971 mentionem
1523 933 1663 971 facere
1675 943 1901 981 procorum

339 1010 581 1048 Telemachi
613 1010 797 1047 reditum
831 1007 871 1046 ἐν
903 1011 1070 1060 πορθμῷ
1105 1004 1267 1057 Ἰθάκης
1297 1022 1334 1045 τε
1361 1007 1515 1057 Σάμοιό
1543 1022 1580 1045 τε
1611 1006 1902 1057 παιπαλοέσσης

340 1086 652 1133 speculantium
672 1088 786 1128 (nam
810 1085 919 1132 quod
936 1095 1065 1122 versu
1084 1085 1166 1122 766
1187 1088 1410 1133 μνηστῆρας
1428 1080 1463 1121 δ’
1481 1081 1677 1121 ἀπάλαλκε
1691 1085 1900 1132 precatur,

339 1162 418 1199 hoc
450 1162 571 1199 dicit:
609 1171 783 1209 „procos
810 1161 927 1198 hisce
956 1171 1051 1198 arce
1079 1160 1296 1200 aedibus”)
1327 1161 1418 1198 sive
1447 1161 1558 1207 quod
1587 1160 1689 1198 illud
1721 1160 1902 1208 impium

338 1238 380 1274 et
422 1237 588 1274 crudele
629 1246 853 1283 procorum
897 1236 1123 1273 consilium
1166 1236 1308 1273 aet-ate
1352 1236 1587 1274 recentiore
1630 1236 1804 1283 antiquo
1837 1236 1904 1273 est

338 1312 552 1349 adiectum
580 1312 770 1359 carmini,
801 1312 892 1349 sive
921 1311 1031 1358 quod
1058 1311 1108 1348 de
1137 1321 1184 1349 eo
1209 1311 1408 1360 periculo,
1429 1312 1538 1358 quod
1557 1311 1903 1349 demum'ceteris

342 1387 538 1424 omnibus
581 1387 753 1424 evitatis
792 1387 980 1434 instabit,
1017 1387 1059 1423 in
1096 1387 1340 1433 praesentia
1372 1387 1487 1424 tacet
1518 1386 1703 1434 prudens
1735 1386 1902 1424 mulier.

342 1461 445 1509 Quid
474 1462 582 1509 quod
610 1462 706 1500 illae
735 1462 912 1499 insidiae
942 1462 1077 1499 semel
1105 1462 1394 1509 deprehensae
1422 1472 1506 1500 non
1528 1472 1787 1510 magnopere
1804 1462 1904 1499 sunt

338 1537 566 1575 timendae.

400 1689 481 1725 831
531 1698 620 1734 sqq.
672 1688 834 1725 Ultima
881 1688 1114 1736 Penelopes
1157 1689 1208 1726 ad
1256 1689 1509 1726 simulatam
1550 1688 1670 1726 illam
1713 1699 1904 1727 sororem

339 1763 468 1800 Verba
500 1762 605 1800 haec
637 1764 760 1800 sunt:

604 1836 638 1874 εἰ
669 1833 738 1886 μὲν
771 1836 820 1886 δὴ
849 1837 943 1883 θεός
977 1837 1057 1875 ἐσσι
1089 1837 1200 1876 θεοῖό
1234 1852 1271 1876 τε
1304 1836 1435 1884 ἔκλυες
1468 1838 1608 1888 αὐδήν.

399 1914 479 1951 Hic
511 1913 662 1951 dubius
694 1913 848 1951 haereo
883 1915 1185 1961 corruptumne
1221 1914 1364 1952 locum
1397 1924 1422 1952 a
1453 1914 1638 1952 librariis
1670 1917 1818 1962 putem
1850 1925 1905 1953 an

339 1988 479 2035 inepte
527 1999 692 2026 errasse
739 1990 912 2036 poetam
958 1990 1099 2037 ipsum
1149 1991 1220 2037 qui
1264 1990 1377 2028 hunc
1418 1990 1560 2028 locum
1603 1991 1903 2038 composuerit.

341 2062 428 2110 Quo
457 2064 571 2101 enim
599 2064 688 2101 iure
715 2065 924 2112 Penelope
952 2065 1065 2103 istud
1093 2064 1127 2102 εἰ
1152 2062 1222 2114 μὲν
1250 2064 1298 2114 δὴ
1326 2065 1421 2111 θεός
1450 2064 1530 2102 ἐσσι
1555 2066 1689 2104 dicit?
1709 2066 1906 2104 Servavit

343 2139 457 2176 enim
499 2150 572 2186 per
613 2140 753 2177 totum
786 2140 1045 2187 colloquium
1078 2142 1269 2179 Minerva
1302 2141 1546 2189 Iphthimae
1579 2141 1773 2190 figuram,
1808 2141 1904 2180 fide-

342 2214 521 2261 literque
555 2216 595 2252 et
629 2216 750 2253 caute
779 2216 829 2253 ad
858 2217 1103 2254 extremum
1133 2227 1268 2264 usque
1296 2217 1411 2254 illius
1438 2218 1645 2255 sustinuit
1662 2227 1904 2265 personam.

347 2289 493 2336 „Noli”
528 2290 635 2327 dixit
671 2291 879 2338 „nimium
911 2290 997 2329 filio
1030 2294 1103 2330 tuo
1136 2293 1352 2330 metuere:
1383 2293 1613 2330 comitatur
1641 2303 1739 2330 eum
1767 2294 1904 2340 patro-

343 2374 494 2402 narum
537 2366 698 2412 optima
740 2367 940 2415 Minerva,
989 2378 1096 2414 quae
1139 2378 1251 2405 nunc
1289 2379 1359 2406 me
1392 2368 1474 2406 huc
1505 2369 1627 2406 misit
1659 2370 1707 2406 ut
1740 2370 1782 2406 te
1816 2369 1907 2406 eius

342 2441 401 2478 rei
443 2440 626 2478 facerem
671 2441 937 2479 certiorem.’'
982 2442 1151 2480 Dixeris
1194 2442 1323 2480 fidem
1362 2453 1446 2481 non
1479 2443 1634 2481 habere
1667 2444 1906 2491 Penelopen

342 2521 392 2567 τῷ
435 2513 605 2568 ἐνυπνίῳ
645 2516 718 2553 sed
752 2518 901 2554 statim
935 2518 1143 2565 suspicari
1178 2519 1377 2556 callidam
1410 2518 1637 2556 mulierem
1670 2529 1766 2556 eam
1799 2529 1907 2566 quae

343 2600 388 2627 se
432 2600 456 2627 a
489 2590 676 2628 Minerva
707 2591 889 2629 missam
923 2593 1034 2630 dicat
1067 2594 1205 2640 ipsam
1240 2594 1476 2631 Minervam
1509 2604 1617 2632 esse.
1651 2594 1765 2632 Nihil
1798 2594 1904 2632 eius-

344 2664 458 2702 modi
486 2666 724 2712 suspicione
752 2667 896 2704 minus
925 2677 1018 2705 esse
1046 2670 1188 2715 potest
1216 2674 1514 2716 opportunum.
1546 2669 1761 2716 Iphthime
1790 2669 1904 2707 enim

344 2739 415 2776 illa
442 2739 589 2777 Pheris
618 2740 794 2788 habitat,
825 2742 1048 2789 subitoque
1078 2754 1189 2781 nunc
1214 2744 1386 2781 Ithacae
1406 2744 1539 2782 adest.
1561 2744 1666 2792 Quid
1685 2746 1831 2782 autem
1852 2767 1902 2771 -

343 2824 444 2851 nam
485 2816 527 2851 et
569 2816 833 2853 somniorum
877 2818 1085 2863 quaedam
1129 2820 1194 2856 est-
1231 2819 1341 2856 ratio
1376 2841 1425 2845 —-
1462 2819 1741 2857 verisimilius
1773 2829 1903 2866 quam

341 2888 545 2926 divinitus
561 2890 742 2928 missam
761 2900 857 2928 eam
875 2901 968 2929 esse
981 2893 1000 2930 ἱ)
1019 2893 1098 2930 Sed
1116 2894 1344 2932 mittamus
1362 2894 1478 2943 haec,
1495 2894 1838 2942 quandoquidem
1851 2894 1901 2933 de
