2030 3439
855 370 934 407 1123

111 493 229 530 ratur
274 492 434 540 optime
481 492 640 539 sentio,
691 493 733 529 et
779 503 905 531 verae
947 494 1142 532 lectionis
1184 497 1349 542 partem
1393 507 1557 544 quoque
1600 499 1667 536 hic

111 567 390 615 deprehendo,
433 567 506 604 sed
548 567 758 618 quomodo
800 569 937 605 totam
978 570 1204 607 restituam
1248 581 1330 609 non
1374 572 1507 610 video.
1548 574 1664 620 „Non

111 653 261 682 omnes
289 643 461 681 simul''.
491 642 596 691 Quid
624 645 879 691 opponitur?
907 645 1142 684 Nimirum:
1172 648 1316 686 ordine
1334 650 1376 686 ot
1393 660 1470 687 suo
1489 650 1665 697 quisquo

109 721 314 767 tempore.
347 719 393 757 Id
425 720 571 757 autem
604 719 647 756 in
679 715 716 765 ἕξ
748 719 876 766 latet;
911 721 1069 758 etenim
1099 732 1182 760 vox
1211 733 1291 770 qua
1319 724 1386 762 hic
1415 736 1556 763 carere
1584 736 1666 764 non

108 805 340 842 possumus
372 796 438 832 est
468 791 600 844 ἑξείης.

167 945 298 984 Paulo
343 946 441 993 post
486 944 667 992 Ulysses
713 955 814 983 suas
862 946 1004 994 copias
1046 947 1296 986 adhortatur
1339 951 1380 987 et
1423 950 1500 989 hoc
1532 953 1666 990 utitur

109 1020 307 1059 exordio:

169 1097 252 1135 262
434 1090 464 1134 ὦ
496 1095 616 1145 φίλοι,
646 1093 724 1146 ἤδη
757 1094 827 1146 μέν
858 1110 925 1134 κεν
957 1095 1030 1148 ἐγὼ
1062 1097 1239 1148 ,Ρείποιμι
1270 1097 1335 1137 καὶ
1366 1093 1472 1149 ἧμιν.

170 1171 275 1220 Quid
303 1171 383 1209 sibi
411 1171 504 1209 vult
531 1171 645 1209 istud
673 1169 737 1208 καὶ
763 1165 887 1221 ’ἧμινῗ
915 1172 981 1210 An
1009 1173 1158 1221 Agelai
1177 1174 1477 1214 allocutionem
1497 1179 1666 1217 audisse

109 1247 346 1285 censendus
388 1248 454 1284 est
494 1246 687 1295 Ulysses,
722 1248 770 1284 ut
802 1247 892 1295 ipse
925 1258 1035 1285 nunc
1069 1249 1129 1286 sic
1163 1249 1360 1297 incipiat:
1400 1253 1565 1299 „audivi
1600 1255 1665 1291 ad-

107 1323 396 1362 versariorum
443 1323 596 1361 ducem
644 1323 881 1361 orationem
926 1324 1180 1372 habentem;
1224 1336 1336 1364 nunc
1367 1329 1415 1365 ut
1447 1328 1593 1375 opinor
1625 1331 1667 1367 et

106 1398 228 1437 nobis
270 1399 524 1437 allocutione
557 1410 662 1447 opus
695 1400 822 1437 est'’‘?
855 1400 968 1438 Satis
1001 1400 1204 1448 absurde;
1250 1403 1344 1440 vide
1377 1414 1483 1450 quae
1517 1405 1568 1442 ad
1603 1415 1664 1443 VS.

109 1475 192 1513 248
226 1485 316 1523 sqq.
353 1476 670 1514 annotavimus.

165 1625 249 1663 312
292 1635 382 1672 sqq.
426 1624 642 1663 Resistere
684 1625 771 1662 iam
808 1624 957 1672 Ulyssi
990 1626 1163 1673 eiusque
1197 1626 1424 1664 comitibus
1457 1638 1540 1665 non
1573 1639 1662 1676 pos-

106 1701 208 1738 sunt
252 1700 379 1748 proci,
429 1701 503 1738 sed
545 1700 696 1748 ingens
737 1699 786 1737 fit
828 1710 975 1738 eorum
1018 1702 1186 1748 strages
1223 1704 1445 1749 tamquam
1481 1704 1665 1741 imbellis

105 1775 283 1823 pecoris.
331 1775 412 1814 Hic
460 1785 686 1823 procorum
733 1786 844 1813 unus
890 1776 1072 1824 supplex
1104 1787 1149 1814 se
1198 1777 1343 1824 Ulyssi
1391 1780 1489 1815 ante
1536 1779 1664 1826 pedes

105 1850 273 1898 proiicit
304 1852 347 1889 et
378 1850 440 1889 sic
471 1852 690 1899 precatur:

312 1924 538 1976 γουνάομαί
567 1921 616 1975 6',
642 1921 820 1975 Ὀδυσεῦ,
851 1924 899 1963 σὺ
933 1923 975 1963 δέ
1006 1921 1040 1975 μ’
1077 1925 1184 1964 αἴδεο
1216 1926 1285 1964 καί
1313 1922 1346 1976 μ’
1378 1925 1547 1977 ἐλέησον·

311 1999 358 2039 οὐ
390 2000 463 2052 γάρ
495 2000 555 2039 πώ
587 2015 674 2039 τινα
706 1999 808 2051 φημὶ
840 2006 1040 2052 γυναικῶν
1069 1999 1110 2040 ἐν
1143 2001 1342 2053 μεγάροισι

311 2072 505 2126 ἱειπέμετῖ
541 2074 635 2115 οὐδέ
669 2091 703 2114 τι
735 2074 840 2128 ῥέξαι
873 2074 1111 2115 ἀτάσθαλον·
1145 2075 1240 2114 ἀλλὰ
1272 2076 1337 2115 καὶ
1369 2075 1510 2124 ἄλλους

305 2147 523 2191 ’παύεσκον
555 2157 792 2203 μνηστῆρας,
826 2151 904 2198 ὅτις
936 2152 1097 2191 τοιαῦτά
1129 2167 1170 2204 γε
1203 2151 1313 2203 ῥέζοι.

164 2228 269 2265 Mira
315 2227 516 2266 defensio.
566 2228 779 2267 Haeccine
826 2239 924 2276 ergo
976 2229 1203 2276 praecipua
1243 2239 1467 2276 procorum
1510 2229 1663 2268 iniuria

105 2303 215 2349 quod
248 2303 426 2341 ancillas
457 2303 629 2351 Ulyssis
661 2304 835 2341 dictis
868 2303 1153 2350 factisque
1192 2303 1525 2341 laedebant?
1559 2305 1661 2342 Nus-

106 2388 236 2425 quam
283 2389 356 2417 eos
402 2379 481 2417 hoc
528 2380 700 2417 nomine
742 2379 926 2426 legimus
968 2379 1229 2426 reprehendi,
1275 2379 1348 2416 sed
1391 2379 1501 2426 quod
1533 2379 1663 2418 boves

105 2463 288 2501 suesque
331 2454 614 2493 absumebant
651 2455 882 2501 vinumque
915 2454 1189 2492 effundebant
1224 2455 1301 2492 hoc
1335 2457 1376 2492 et
1409 2455 1662 2493 Telemacho
1727 2439 1729 2441 ’

107 2530 150 2567 et
175 2529 324 2577 Ulyssi
347 2529 469 2567 illum
486 2530 770 2578 gravissimae
788 2529 1000 2567 vindictae
1020 2530 1253 2577 inspirabat
1272 2540 1484 2577 amorem;
1515 2531 1664 2568 deinde

107 2607 279 2644 omnino
322 2606 528 2644 adversus
571 2616 721 2643 omnes
764 2605 1072 2643 contumeliose
1114 2616 1160 2643 se
1198 2605 1412 2653 gerebant,
1448 2608 1663 2653 postremo

107 2681 323 2719 nonnullis
352 2691 500 2720 eorum
529 2681 778 2719 ancillarum
809 2682 956 2717 noctes
983 2690 1057 2727 pro
1086 2680 1264 2718 iniuriae
1291 2680 1461 2718 suerunt
1480 2681 1662 2719 cumulo.

108 2756 297 2795 Huccine
354 2767 452 2804 ergo
499 2756 702 2804 supplicis
756 2755 890 2793 nostri
938 2754 1067 2793 verba
1113 2757 1340 2802 spectant?
1386 2756 1477 2793 Non
1525 2756 1664 2793 ausim

108 2841 275 2880 negare,
325 2841 586 2878 quamquam
630 2831 737 2869 satis
780 2831 920 2877 inepte
954 2830 1055 2867 illud
1088 2830 1149 2868 sic
1181 2829 1445 2877 significatui·
1476 2833 1665 2880 γυναῖκας

106 2907 259 2944 ,Ρειπεῖν
285 2905 351 2944 καὶ
377 2905 483 2957 ῥέξαι
509 2905 746 2944 ἀτάσθαλον.
776 2905 967 2952 Ineptius
997 2907 1143 2942 tamen
1171 2905 1303 2942 ctiam
1332 2906 1440 2952 quod
1474 2906 1665 2952 sequitur
