2030 3439
1098 377 1152 414 56

463 504 516 541 35
581 502 670 547 τοὺς
705 499 775 551 μὲν
808 499 1028 551 ὁμοκλήσας
1054 496 1185 537 ’σεῦεν
1216 498 1340 545 κύνας
1373 497 1532 545 ἄλλυδις
1564 496 1681 537 ἄλλον

581 584 775 631 πυκνῇσιν
807 576 1050 622 λιθάδεσσιν,
1081 573 1155 613 mg.

399 653 736 691 Prudentissime
768 653 1102 699 acutissimeque
1136 652 1188 690 ad
1220 661 1372 690 versus
1402 651 1454 689 31
1486 652 1615 690 verba
1643 656 1896 701 σκῆπτρον-

341 728 462 778 χειοός
509 729 747 767 annotatis:
801 728 956 776 „nimis
1005 727 1166 765 similia
1212 727 1317 765 haec
1365 727 1501 764 exitui
1542 737 1695 765 versus
1738 727 1806 765 34.
1849 727 1902 765 Et

340 804 437 851 quid
476 803 748 851 significant?
782 804 825 840 Si
857 800 1025 841 clavam
1060 803 1210 841 callido
1245 802 1420 840 consilio
1453 802 1771 850 proiecisse
1804 803 1900 841 dici-

340 882 408 918 tur
452 880 610 928 Ulixes,
645 890 697 918 ne
731 880 906 917 canibus
939 879 1096 917 minari
1129 879 1357 928 videretur⁷
1392 889 1477 916 non
1510 876 1642 916 ἕκπεσε
1675 879 1901 917 dicendum

341 957 442 1004 erat,
477 956 550 993 sed
583 954 731 1005 ἔκβαλε,
765 956 874 1002 quod
908 956 974 993 est
1006 955 1049 992 in
1081 954 1127 993 Gr.
1162 955 1229 1004 X„
1264 955 1339 993 sed
1371 956 1542 1003 propter
1573 965 1807 1003 pronomen
1833 955 1902 993 fot

339 1032 447 1078 quod
490 1031 704 1079 praecedit
744 1031 872 1079 recipi
916 1031 1107 1078 nequit.'’
1143 1030 1384 1069 Verissima
1415 1031 1521 1069 haec
1553 1041 1647 1069 esse
1680 1041 1820 1079 nemo,
1856 1032 1903 1069 ut

339 1107 496 1154 opinor,
541 1107 724 1154 negabit.
769 1107 871 1144 Mihi
904 1108 1052 1145 tamen
1084 1108 1201 1144 totus
1234 1106 1493 1144 narrationis
1525 1107 1730 1145 decursus
1761 1107 1902 1154 magis

340 1182 471 1220 etiam
510 1182 705 1230 displicet
737 1192 866 1229 quam
899 1182 1035 1220 nimia
1068 1182 1141 1220 illa
1173 1181 1530 1220 terminationuni
1563 1182 1801 1220 similitudo
1834 1182 1904 1220 Vel

338 1257 455 1296 verbi
483 1255 615 1295 ἔκπεσε
643 1258 814 1296 abusus.
846 1258 951 1306 Quid
980 1258 1128 1296 enim?
1155 1257 1336 1305 Ulysses
1360 1255 1459 1303 ἕζετο
1476 1257 1721 1312 κερδοσύν-ῃῑ
1742 1258 1904 1296 assedit

337 1334 538 1381 Ulysses:
597 1334 759 1372 sciebat
811 1334 927 1372 enim
974 1334 1039 1372 vir
1086 1334 1264 1373 callidus
1315 1335 1585 1382 prudensque
1633 1335 1694 1373 sic
1743 1323 1903 1383 optime

339 1420 494 1447 canum
535 1410 645 1447 iram
687 1410 837 1459 sedari,
883 1410 1135 1458 clavamque
1176 1410 1354 1458 proiecit
1391 1411 1617 1456 (faciamus
1651 1411 1766 1449 enim
1798 1410 1901 1448 illud

339 1485 381 1522 in
429 1485 569 1523 verbis
611 1490 808 1536 σκῆπτρον
852 1508 903 1511 --
949 1485 1072 1535 χειρός
1114 1487 1269 1531 inesse)
1314 1487 1462 1524 eodem
1507 1487 1696 1525 consilio.
1739 1487 1902 1525 Verum

338 1561 437 1607 quid
464 1562 687 1608 sequitur?
719 1561 853 1609 „Tum
882 1572 1009 1599 canes
1036 1561 1241 1609 Ulyssem
1266 1562 1559 1611 dilaniassent,
1585 1562 1669 1600 nisi
1686 1562 1901 1600 Eumaeus

339 1636 497 1674 auxilio
529 1637 763 1675 venisset.''
797 1637 859 1674 En
893 1637 1143 1685 exemplum
1173 1637 1442 1675 calliditatis!
1472 1638 1591 1676 Novo
1619 1638 1805 1685 quodam
1833 1638 1899 1676 ad-

340 1722 488 1750 versus
536 1713 702 1750 instans
749 1713 987 1760 periculum
1030 1713 1218 1751 remedio
1261 1714 1398 1752 utitur
1438 1713 1632 1763 Ulysses,
1678 1714 1753 1752 sed
1794 1713 1900 1751 nihil

337 1787 439 1825 illud
481 1789 674 1836 prodest:
720 1799 805 1827 non
847 1789 918 1827 illo
962 1790 1036 1827 sed
1073 1789 1251 1827 Eumaei
1283 1789 1494 1837 lapidibus
1527 1791 1726 1828 arcentur
1759 1799 1898 1828 canes.

337 1863 638 1911 Adspiciamus
684 1864 778 1912 ipsa
819 1864 950 1902 verba
994 1875 1101 1912 quae
1145 1865 1398 1903 citavimus:
1447 1866 1560 1914 „iam
1604 1866 1815 1914 impetum
1857 1866 1901 1903 in

337 1938 541 1986 Ulyssem
583 1949 710 1977 canes
747 1939 921 1988 faciunt,
957 1941 1051 1978 sed
1083 1940 1166 1989 ille,
1201 1942 1249 1978 ut
1282 1942 1374 1979 erat
1406 1941 1584 1979 callidus
1616 1942 1898 1991 prudensque,

337 2015 498 2052 omissa
541 2015 661 2053 clava
704 2016 906 2053 assedit.’'
952 2015 1057 2064 Quid
1100 2016 1253 2054 addere
1295 2016 1363 2054 his
1404 2018 1545 2065 potest
1587 2019 1783 2056 narrator
1813 2029 1899 2057 non

337 2089 461 2137 plane
509 2090 725 2129 delirans?
772 2091 956 2139 Nempe:
1009 2093 1129 2140 „tum
1177 2102 1305 2130 canes
1353 2103 1452 2131 eum
1493 2103 1578 2132 non
1619 2094 1898 2142 tetigerunt.''

338 2164 494 2203 Contra
525 2166 650 2204 illud:
688 2168 808 2215 „tum
837 2177 964 2205 canes
991 2168 1196 2215 Ulyssem
1224 2168 1506 2207 dilaniassent
1532 2170 1615 2207 nisi
1643 2171 1900 2209 accurrisset

339 2241 553 2280 Eumaeus
600 2252 755 2290 eosque
805 2243 1007 2282 coniectis
1054 2244 1264 2293 lapidibus
1306 2245 1527 2293 fugasset”
1571 2247 1685 2284 recte
1726 2247 1899 2295 ponitur

339 2317 375 2354 si
407 2317 512 2355 nihil
545 2318 658 2356 aliud
701 2329 830 2367 quam
872 2320 951 2358 hoc
991 2321 1229 2368 praecedit:
1278 2323 1531 2369 „conspecto
1573 2322 1732 2370 Ulysse
1768 2333 1898 2361 rauca

338 2402 440 2430 voce
473 2393 586 2431 edita
618 2403 744 2432 canes
775 2396 1043 2442 provolant.’'
1076 2397 1184 2435 Puto
1213 2407 1311 2445 ergo
1339 2398 1564 2445 antiquum
1592 2400 1764 2447 poetam
1792 2399 1898 2438 haec

338 2468 425 2506 fere
457 2469 703 2516 scripsisse:

546 2542 730 2595 ἐξαπίνης
762 2542 798 2583 δ’
830 2543 991 2598 Ὀδυσῆ’
1028 2545 1164 2586 ἒΊ-ἰδον
1196 2548 1312 2594 κύνες
1345 2547 1603 2600 ὑλακόμωροι.

543 2619 697 2665 (ὃᾶῑεινά
728 2624 778 2667 τε)
811 2625 1045 2673 κεκληγῶτες
1077 2621 1298 2675 ἐπέδραμον
1330 2621 1470 2675 (ἄνδρα
1500 2623 1706 2672 Ῐιδόντες).

543 2693 643 2733 ἔνθα
676 2710 716 2734 κε
748 2698 808 2751 ,Ρῷ
840 2696 919 2748 πὰρ
954 2702 1115 2753 σταθμῷ
1148 2697 1368 2738 ἀάῑεικέλιον
1396 2695 1544 2738 ’πάθεν
1577 2698 1692 2753 ἄλγος

542 2768 638 2809 ἀλλὰ
670 2772 847 2823 συβώτης
882 2772 954 2811 mg.

393 2846 473 2884 Sed
515 2848 814 2894 supervenisse
856 2849 997 2888 virum
1040 2851 1182 2899 inepte
1214 2852 1346 2900 pium,
1381 2852 1452 2899 qui
1485 2852 1594 2891 ferre
1627 2863 1712 2891 non
1746 2854 1895 2901 posset

334 2921 662 2960 callidissimum
708 2924 958 2963 mortalium
1006 2926 1201 2974 ignarum
1249 2926 1350 2975 fingi
1398 2928 1488 2966 noti
1530 2928 1645 2966 illius
1687 2929 1893 2967 adversus
