2030 3439
1071 344 1151 380 114

330 470 522 518 „vetus”.
556 469 646 506 Has
679 477 754 515 ego
788 466 838 504 ob
872 476 1024 504 causa-s
1055 468 1196 504 totum
1228 467 1342 504 istud
1369 463 1483 517 γέρον
1510 468 1661 505 natum
1688 467 1880 515 suspicor

327 556 348 583 e
390 545 518 583 verbo
561 543 881 591 elegantissime
924 542 1095 589 quidem
1137 542 1288 591 posito,
1334 543 1526 590 quodque
1558 553 1763 591 magnam
1794 525 1904 581 loco*

325 621 545 668 praeberet
587 620 872 667 venustatem,
916 618 1002 666 sed,
1047 618 1248 665 quoniam
1291 620 1566 666 structuram,
1607 629 1735 666 quam
1769 629 1886 657 exor-

325 696 465 744 nabat.
516 704 784 742 corrumpere
834 693 1059 741 videretur,
1109 693 1232 731 facile
1280 694 1497 732 inutilium
1546 694 1887 733 coniecturarum

326 782 477 809 ansam
510 769 711 818 praebere
737 771 905 817 posset3
936 770 978 806 et
1006 779 1103 806 eum
1129 769 1264 807 semel
1292 779 1317 807 a
1345 770 1598 807 coniecturis
1626 770 1886 817 praesidium

326 848 552 895 peteretur,
598 846 690 893 ipsa
731 845 918 883 narratio
962 845 1112 891 sponte
1155 844 1256 882 illud
1298 842 1426 895 γέρον,
1462 845 1660 892 quamvis
1693 846 1886 893 ineptum

325 924 451 970 esset,
486 920 853 959 subministrabat.
890 919 1001 957 Olim
1038 929 1136 967 ergo
1169 920 1230 957 sio
1262 919 1470 968 scriptum
1503 920 1717 969 suspicor:

531 1003 576 1051 τῇ
609 992 650 1034 δ’
686 993 794 1047 ἑτέρη
828 994 946 1041 σάκος
979 993 1074 1046 εὐρὺ
1101 991 1249 1046 ’φέρεν,
1281 993 1582 1047 πεπαλαγμένον
1613 993 1695 1050 ἄζῃ.

385 1149 467 1187 248
502 1158 591 1195 sqq.
626 1148 828 1195 Minerva,
863 1147 1037 1194 sumpta
1069 1146 1272 1184 Mentoris
1304 1145 1452 1195 figura,
1486 1147 1598 1185 bona
1631 1157 1705 1195 spe
1739 1147 1889 1195 implet

325 1225 528 1272 Ulyssem
567 1223 741 1270 eiusque
783 1223 934 1270 socios,
978 1223 1072 1260 tum
1115 1222 1158 1259 in
1191 1232 1316 1260 avem
1355 1232 1561 1260 conversa
1593 1223 1735 1264 evolat
1767 1224 1810 1260 et
1841 1223 1885 1260 in

325 1301 540 1348 superiore
573 1300 692 1347 parte
727 1298 941 1336 conclavis
968 1298 1131 1336 assidit.
1167 1298 1403 1336 Mentorem
1433 1308 1531 1345 ergo
1561 1299 1647 1336 iam
1677 1308 1762 1336 non
1791 1308 1888 1336 curn

325 1375 582 1414 adversariis
619 1376 810 1412 stantem
843 1374 993 1412 videns
1028 1384 1252 1421 procorum
1287 1384 1398 1411 unus
1430 1373 1618 1421 Agelaus
1650 1373 1712 1410 sic
1748 1373 1887 1411 soc-ios

325 1462 437 1501 SUOS,
472 1452 542 1499 qui
576 1452 708 1489 etiam
741 1452 983 1498 supersunt,
1019 1450 1291 1488 adhortatur:

531 1522 560 1565 ὦ
593 1527 713 1576 φίλοι,
743 1524 821 1576 ἤδη
854 1525 982 1576 σχήσει
1018 1523 1118 1576 ἀνὴρ
1153 1523 1218 1563 ὅδε
1249 1527 1378 1575 χεῖρας
1416 1522 1601 1570 ἀάπτους·

531 1600 596 1640 καὶ
629 1601 677 1652 δή
708 1602 776 1640 foc
809 1599 978 1650 Μέντωρ
1011 1597 1081 1650 μὲν
1113 1598 1184 1651 ἔβη
1216 1596 1318 1638 xcv?
1355 1597 1527 1651 εὔγματα
1558 1599 1720 1637 ιΙ-ἐιπώιι

383 1680 545 1727 Ergone
577 1678 691 1726 proci
725 1687 889 1725 quoque
922 1677 1159 1714 Minervam
1192 1676 1405 1714 dicentem
1439 1675 1719 1713 audiverunt:

531 1750 608 1791 ἀλλ’
645 1751 712 1804 ἄγε
745 1753 875 1803 δεῦρο,
905 1750 1045 1801 πέπον,
1078 1748 1163 1802 παρ’
1202 1748 1253 1801 ἔμ’
1291 1751 1423 1789 ἵστασο
1456 1749 1562 1789 ma?

325 1831 405 1868 Sed
437 1831 515 1868 hoc
548 1830 686 1868 mitto.
720 1829 931 1877 Agelaum
964 1830 1212 1867 monentem
1247 1828 1496 1866 audiamus:

530 1911 580 1959 τῷ
614 1910 688 1942 νῦν
721 1903 772 1953 μὴ
806 1903 884 1952 ἅμα
917 1903 1058 1948 πάντες
1091 1901 1222 1950 ἀφίετε
1256 1902 1428 1951 δούρατα
1462 1901 1601 1951 μακρά.

324 1981 415 2019 Hoc
461 1980 674 2028 intelligo;
719 1980 755 2018 si
798 1979 927 2017 simul
965 1989 1114 2017 omnes
1147 1979 1233 2016 tela
1266 1979 1427 2016 iaciunt
1459 1979 1533 2016 aut
1565 1988 1716 2016 omnes
1748 1988 1882 2016 unum

324 2067 501 2104 scopum
543 2056 724 2104 petendo
767 2056 862 2103 plus
903 2055 1087 2093 telorum
1132 2054 1365 2092 absumunt
1397 2064 1526 2101 quam
1560 2063 1665 2102 opus
1698 2055 1775 2102 est,
1811 2055 1885 2091 aut

324 2132 603 2170 tumultuarie
652 2133 796 2178 agunt.
847 2130 934 2178 Quo
981 2130 1107 2168 modo
1155 2139 1254 2177 ergo
1298 2129 1509 2177 agendum
1559 2139 1653 2167 esse
1699 2129 1885 2177 prudens

326 2207 445 2245 docet
477 2207 716 2254 magister?

681 2278 754 2319 ἀλλ’
792 2275 901 2332 ἄγεθ’
937 2280 974 2318 οἳ
1003 2277 1072 2326 He}
1104 2285 1259 2329 πρῶτον
1291 2277 1515 2318 ἀκοντίσατε

389 2358 511 2405 „Vos,
561 2358 631 2404 qui
680 2354 758 2395 sex
800 2366 978 2394 numero
1021 2356 1153 2393 estis”
1199 2356 1451 2399 «enumerati
1484 2357 1629 2393 autem
1663 2365 1761 2393 cum
1793 2355 1884 2403 ipso

326 2433 485 2480 Agelao
533 2434 633 2471 sunt
680 2443 766 2470 vss.
819 2433 897 2469 241
950 2434 1055 2478 sqq.)
1108 2431 1320 2479 „primum
1369 2431 1564 2468 coniicite
1607 2430 1734 2468 tela'’.
1778 2429 1885 2468 Vos

326 2509 574 2556 primum,
605 2510 645 2546 et
674 2508 823 2546 deinde
851 2508 954 2554 qui?
980 2507 1199 2554 Vulgusne
1226 2507 1482 2554 procorum?
1509 2507 1566 2544 At
1593 2506 1691 2553 quid
1714 2505 1886 2553 prodest

327 2584 535 2621 eiusmodi
569 2583 816 2621 eonsilium:
851 2585 898 2620 ut
930 2583 1058 2619 duces
1090 2582 1277 2629 primum
1309 2581 1395 2619 tela
1426 2581 1616 2628 mittant,
1647 2580 1796 2618 deinde
1823 2580 1885 2618 illi

327 2659 478 2705 quibus
536 2659 769 2705 praesunt?
818 2658 1033 2695 Meliorem
1087 2659 1200 2695 certe
1247 2657 1388 2694 locum
1434 2656 1627 2704 reddidit,
1677 2655 1751 2693 sed
1799 2665 1884 2692 non

326 2733 573 2781 persanavit
613 2733 804 2770 Naberus
846 2733 1022 2780 legendo
1060 2733 1098 2770 οἳ
1126 2729 1195 2778 Ῐὲξ
1227 2737 1382 2781 πρῶτοι.
1417 2731 1459 2768 Si
1492 2731 1605 2769 enirn
1639 2731 1767 2768 duces
1799 2730 1886 2768 tela

328 2809 514 2856 mittent,
565 2809 661 2855 quid
709 2808 836 2845 faciet
880 2808 1064 2855 vulgus?
1108 2808 1358 2846 Otiosumne
1402 2807 1620 2844 adstabit?
1663 2805 1729 2843 Sic
1772 2806 1885 2843 certe

328 2884 425 2921 telis
472 2884 670 2931 parcitur.
715 2883 786 2920 sed
830 2893 981 2930 parum
1019 2882 1247 2930 proficitur.
1282 2882 1487 2928 Equidem
1521 2881 1618 2928 quid
1652 2881 1719 2918 hie
1752 2879 1884 2927 requi-
