2030 3439
1084 352 1138 389 9ss

335 489 495 517 vacuus
543 480 639 526 apte
686 479 821 526 possit
868 477 1047 524 impleri.
1099 475 1203 524 Quid
1252 476 1347 513 addi
1389 477 1530 523 potest
1573 475 1632 513 ita
1669 477 1716 513 ut
1748 477 1895 514 tamen

335 555 546 592 sententia
595 565 678 592 non
721 553 1047 601 corrumpatur?
1080 551 1148 589 Nil
1192 552 1274 589 nisi
1321 551 1535 589 molarum
1578 562 1796 590 numerus.
1845 553 1926 590 Et-

335 641 463 677 quem
510 630 631 667 illum
677 629 810 667 fuisse
852 629 1086 676 putemus?
1124 627 1215 665 Nisi
1253 627 1394 675 ipsum
1427 627 1554 665 unius
1588 627 1778 675 syllabae
1806 638 1896 676 spa-

335 705 444 743 tium
476 705 594 742 brevi
627 705 793 752 syllaba
824 704 1104 752 praecedente
1137 703 1178 741 id
1211 703 1381 752 diceret,
1418 713 1472 741 ex
1503 713 1631 741 versu
1670 705 1897 751 sequente:

630 786 715 834 τῇσι
748 779 926 818 δυώδεκα
958 785 1080 816 πᾶσαι
1113 776 1351 828 ἐπερρώοντο
1391 781 1573 830 γυναῖκες

336 856 610 893 disceremus.
654 855 779 894 Nulla
821 856 967 893 autem
1009 854 1126 892 mola
1168 854 1378 892 eiusmodi
1422 864 1516 892 esse
1552 856 1706 903 potest,
1741 854 1844 902 quin
1876 864 1900 892 a

335 932 445 969 binis
478 930 722 969 hominibus
755 931 922 978 egregie
955 930 1283 978 circumagatur.
1319 930 1564 978 Legendum
1598 939 1718 978 ergo:

570 1005 748 1055 πλησίον,
779 1002 859 1043 ἔνθ’
897 1003 972 1055 ἄρα
1004 1002 1073 1051 fe}
1108 1005 1225 1055 μύλαι
1259 998 1360 1055 ἦσαν
1393 1002 1549 1054 ποιμένι
1586 1007 1691 1042 λαῶν

337 1083 421 1131 aut,
457 1083 496 1120 id
530 1082 639 1130 quod
672 1081 951 1120 verisimilius
985 1081 1164 1130 videtur,
1200 1081 1304 1119 olim
1337 1081 1544 1130 scriptum
1577 1082 1679 1119 fuit:

571 1157 751 1207 πλησίον,
781 1153 861 1195 ἕνθ’
899 1155 975 1208 ἄρα
1006 1153 1075 1203 ,Ρὲξ
1109 1156 1227 1206 μύλαι
1260 1154 1425 1194 ἕστασαν

337 1235 378 1271 et
425 1234 681 1281 sequebatur
728 1234 814 1272 fere
863 1230 1017 1287 ὀρχάμῳ
1067 1231 1237 1283 ἀνδρῶν,
1283 1234 1357 1271 sed
1406 1234 1575 1281 irrepsit
1627 1244 1898 1282 synonymon

335 1310 538 1348 usitatius
570 1307 725 1359 ποιμένι
757 1312 875 1357 λαῶν,
908 1310 1017 1356 quod
1050 1310 1320 1357 praecedenti
1353 1310 1480 1347 verbo
1519 1310 1650 1348 exitio
1688 1310 1779 1348 fuit.

400 1460 478 1497 115
528 1470 617 1506 sqq.
652 1460 744 1497 Non
792 1459 909 1498 solus
952 1459 1133 1506 Ulysses
1175 1459 1367 1497 faustum
1411 1459 1513 1497 illud
1560 1461 1721 1498 tonitru
1768 1460 1897 1508 audit,

337 1535 409 1572 sed
467 1535 599 1572 etiam
647 1535 801 1573 ancilla
856 1546 939 1573 una
991 1546 1099 1583 quae
1147 1535 1299 1573 ceteris
1346 1535 1656 1573 dormientibus
1702 1535 1900 1573 molendo

338 1610 468 1647 etiam
507 1612 584 1658 est,
619 1612 745 1657 atque
779 1611 838 1648 ita
871 1621 997 1648 omen
1032 1611 1186 1658 accipit
1219 1612 1266 1648 ut
1293 1621 1517 1658 procorum
1555 1611 1780 1658 protendat
1811 1621 1898 1658 per-

338 1686 492 1723 nIciem
525 1686 818 1733 propinquam.
853 1686 1055 1724 Precatur
1088 1696 1186 1734 ergo
1224 1686 1393 1724 Iovem:

573 1760 747 1810 κρήηνον
780 1776 854 1799 νυν
889 1759 971 1811 ἐμοὶ
1005 1761 1141 1815 &falfi
1174 1759 1310 1811 fe'n0c37
1342 1760 1418 1799 ὅττι
1450 1776 1491 1799 κε
1522 1761 1659 1799 falum·

572 1842 788 1887 μνηστῆρες
819 1836 999 1885 πύματόν
1031 1851 1068 1874 τε
1100 1835 1166 1874 καὶ
1198 1836 1364 1875 ὕστατον
1398 1835 1514 1887 ἤματι
1545 1837 1642 1890 τῷδε

574 1911 613 1950 ἐν
646 1909 839 1964 μεγάροιό
871 1909 1061 1963 Ὀδυσῆος
1094 1911 1242 1951 ἑλοίατο
1276 1909 1367 1951 δαῖτ’
1408 1911 1621 1965 ἐρατεινὴν,

574 1989 611 2026 οἳ
643 1988 691 2038 δή
725 2003 790 2038 μοι
827 1988 984 2044 καμάτῳ
1019 1987 1213 2041 θυμαλγέι
1244 1985 1399 2040 γούνατ’
1434 1988 1576 2027 ἔλυσαν

573 2062 714 2113 ἄλφιτα
746 2065 947 2118 τευχούσῃ·
980 2070 1056 2102 νῦν
1087 2064 1233 2102 ὕστατα
1266 2064 1528 2115 δειπνήσειαν.

397 2141 443 2177 111
477 2141 670 2187 margine
704 2141 754 2179 ad
787 2141 991 2179 ultimum
1024 2152 1199 2180 versum
1232 2142 1456 2191 notandus,
1491 2143 1539 2180 ut
1571 2141 1730 2190 opinor,
1759 2141 1898 2180 fuerat

339 2218 375 2253 A
434 2217 529 2255 232.
580 2218 687 2255 Nam
738 2228 999 2265 quamquam
1047 2218 1133 2256 11110
1181 2223 1256 2255 νῦν
1297 2217 1441 2255 ’ὕστατα
1483 2216 1680 2267 λωβήσαιο
1727 2217 1894 2264 legitur,

338 2294 483 2330 tamen
516 2294 606 2330 tam
639 2293 795 2331 similis
828 2295 893 2331 est
924 2293 1147 2341 utriusque
1178 2304 1330 2332 versus
1362 2303 1493 2331 sonus
1525 2294 1573 2331 ut
1605 2293 1780 2331 dubium
1812 2302 1897 2331 non

339 2370 395 2406 sit
427 2370 527 2415 quin
558 2369 684 2407 huius
716 2370 797 2408 1001
829 2371 955 2417 poeta
986 2370 1056 2408 1110
1091 2380 1145 2408 ex
1177 2370 1308 2407 Iliade
1340 2379 1444 2407 usus
1481 2369 1538 2407 sit
1585 2369 1721 2417 idque,
1755 2370 1803 2406 ut
1834 2367 1893 2418 fit,

338 2444 481 2481 minus
525 2446 631 2491 apte.
674 2445 767 2482 Non
799 2445 914 2482 enim
955 2445 1092 2492 primo
1132 2455 1258 2483 mane
1296 2445 1370 2482 sed
1403 2455 1501 2482 curn
1542 2445 1735 2482 maxime
1775 2454 1895 2492 pran-

339 2519 455 2556 dium
503 2520 767 2566 capientibus
799 2520 937 2567 procis
970 2520 1179 2558 eiusmodi
1212 2520 1369 2567 aliquid
1402 2519 1627 2567 imprecari
1660 2520 1893 2567 oportebat.

339 2593 398 2631 Of.
443 2595 662 2641 praeterea
699 2605 761 2632 vs.
800 2596 879 2633 115
914 2595 1092 2633 Verbum
1124 2594 1299 2646 κρήηνον
1334 2597 1376 2633 et
1407 2595 1503 2632 vide
1536 2604 1643 2641 quae
1676 2595 1894 2633 annotavi-

340 2679 436 2706 mus
469 2669 520 2706 ad
553 2680 574 2705 σ
607 2670 659 2707 47
696 2671 738 2707 et
771 2671 839 2708 65.

402 2818 482 2855 194
525 2828 615 2865 sqq.
657 2818 891 2856 Philoetius
934 2819 1141 2857 bubulcus
1185 2820 1276 2858 vIso
1309 2819 1465 2867 Ulysse
1498 2820 1735 2858 Eumaeum
1772 2822 1894 2868 rogat

339 2893 434 2939 quis
466 2895 508 2931 et
539 2894 648 2931 unde
681 2893 750 2931 ille
784 2894 851 2942 sit,
887 2894 1108 2942 additque:
