2030 3439
1045 320 1125 357 136

305 448 444 483 semet
492 446 632 493 ipsum
680 445 917 484 contemnit
958 445 1005 481 ut
1047 444 1157 482 serio
1200 444 1344 481 credat
1386 446 1460 482 aut
1502 443 1625 491 plane
1667 443 1886 493 inutilem¹

306 532 431 559 51111111
471 532 564 559 osse
596 521 785 559 laborem
819 521 893 558 aut
929 519 1009 557 sibi
1042 519 1121 557 5011
1154 519 1317 557 utilem.
1354 520 1432 557 Sed
1460 519 1559 566 quid
1587 520 1629 557 et
1655 519 1864 566 quantum

308 598 403 635 boni
447 597 652 635 haberent
694 595 1015 634 observationes
1056 605 1179 632 meae
1210 594 1297 632 Vos
1328 595 1605 642 potissimum
1637 594 1866 632 diiudicare

305 673 514 711 volebam.
544 672 634 710 Non
662 672 771 719 quod
798 672 978 719 posthac
1005 671 1047 708 in
1074 671 1229 709 Vestra
1255 671 1385 709 verba
1407 671 1545 709 iurare
1564 671 1863 718 decrevissem,

305 749 378 786 sed
408 748 516 795 quod
544 748 733 786 sciebam
760 747 900 785 nullos
928 747 1067 794 magis
1094 757 1224 794 quam
1251 746 1337 784 Vos
1365 747 1408 784 in
1438 747 1578 794 aliquo
1607 746 1712 784 libro
1741 746 1863 784 aesti-

304 824 471 871 mando,
515 823 607 861 sive
650 823 700 861 ab
734 823 871 861 amico
904 823 1088 870 scriptus
1120 822 1190 860 1116
1224 824 1339 860 esset
1371 823 1462 860 sive
1495 822 1545 860 ab
1582 822 1737 870 ignoto,
1772 831 1863 859 rem

305 899 444 946 ipsam
471 899 664 946 spectare
691 899 840 947 solere,
870 900 923 946 et,
955 908 1051 936 cum
1080 898 1130 936 de
1157 898 1344 936 Homero
1372 899 1580 945 ageretur,
1611 897 1697 935 Vos
1715 897 1868 935 ceteris

309 974 506 1011 omnibus
533 984 625 1011 rem
652 975 798 1011 tenere
826 973 994 1011 melius.
1023 973 1145 1011 Hanc
1173 983 1271 1020 ergo
1300 972 1711 1010 commentationem
1738 972 1868 1009 Vobis

309 1050 545 1088 inscribens
587 1049 900 1096 quodammodo
943 1050 990 1086 ut
1025 1048 1279 1086 Vestrorum
1312 1048 1361 1086 de
1394 1048 1581 1086 Homero
1613 1047 1867 1085 meritorum

310 1124 526 1172 publicum
573 1125 766 1162 exstaret
807 1125 1138 1162 monumentum
1182 1123 1316 1161 effeci.
1362 1123 1477 1171 Quod
1519 1123 1557 1160 si
1599 1122 1729 1160 Vobis
1762 1121 1873 1159 exile

311 1200 533 1248 videbitur,
577 1199 847 1237 voluntatem
893 1200 1035 1247 potius
1084 1199 1175 1237 eius
1217 1199 1289 1246 qui
1333 1199 1524 1246 exegerit
1566 1197 1874 1245 quamipsius

312 1276 494 1323 pretium
531 1275 867 1314 considerabitis.
901 1275 1063 1313 Valete.
