2030 3439
556 1012 898 1084 LIBER
958 1012 1084 1082 IV.

103 1309 186 1346 625
220 1317 310 1354 sqq.
345 1310 559 1355 μνηστῆρες
594 1302 635 1343 δὲ
664 1305 858 1355 πάροιθεν
887 1301 1101 1356 Ὀδυσσῆος
1131 1306 1313 1357 μεγάροιο

349 1381 539 1419 δίσκοισιν
566 1376 767 1431 ’τέρποντο
799 1379 864 1418 καὶ
897 1379 1124 1435 αἰγανέῃσιν
1157 1380 1274 1427 ἱέντες

352 1455 393 1494 ἐν
423 1463 545 1510 τυκτῷ
579 1454 749 1511 δαπέδῳ,
782 1455 849 1494 ὅθι
881 1470 951 1506 περ
983 1456 1121 1507 πάρος,
1149 1457 1266 1507 ὕβριν
1299 1455 1457 1507 ἔχοντες.

103 1536 170 1573 Sic
218 1545 293 1572 vos
340 1535 477 1582 editis,
532 1536 676 1582 spreta
723 1534 857 1572 altera
904 1535 1086 1572 lectione
1134 1532 1288 1584 ἔχεσκον
1335 1545 1408 1582 pro
1442 1532 1598 1583 ἔχοντες.

44 1612 206 1649 Tamen
248 1610 411 1648 adiecto
454 1610 524 1647 illo
566 1609 683 1659 ὕβριν
715 1607 863 1660 ἔχοντες
896 1610 1001 1647 1111111
1034 1610 1205 1657 quidem
1237 1611 1453 1648 structura
1484 1609 1601 1646 nasci

42 1688 210 1725 videtur
242 1686 292 1724 ab
326 1686 516 1723 oratione
549 1685 778 1723 Homerica
810 1696 940 1732 quam
973 1686 1249 1723 alienissima.
1285 1686 1365 1723 Sed
1398 1686 1476 1723 hoc
1505 1694 1600 1731 quo-

41 1763 159 1800 niam
200 1762 252 1799 ad
294 1772 418 1800 aures
461 1762 657 1809 pertinet,
705 1762 970 1809 argumentis
1014 1762 1307 1799 demonstrare
1350 1761 1473 1798 aliter
1510 1770 1601 1797 sen-

41 1837 246 1875 tientibus
293 1847 345 1875 ne
394 1837 575 1875 conabor
622 1837 808 1883 quidem.
858 1837 965 1874 Illud
1013 1847 1113 1875 vero
1156 1837 1250 1884 quis
1293 1847 1426 1883 aequo
1459 1836 1601 1873 animo

42 1913 163 1960 ferat,
209 1923 306 1950 cum
348 1912 574 1960 praecedat
616 1923 767 1949 versus
800 1912 975 1949 vocibus
1009 1910 1236 1965 αἰγανέῃσιν
1269 1908 1386 1956 ἱέντες
1420 1911 1601 1958 clausus,

41 1989 293 2036 sequentem
325 1998 490 2036 quoque
522 1998 698 2026 versum
730 1988 772 2025 in
805 1988 1080 2036 participium
1113 1988 1262 2025 exire?

106 2140 189 2178 638
224 2150 285 2187 sq.
335 2139 446 2177 Dum
487 2139 640 2176 ludunt
682 2139 796 2186 proci
840 2139 1001 2177 accedit
1043 2139 1094 2177 ad
1137 2150 1209 2177 eos
1246 2139 1450 2186 Noemon‚
1486 2138 1605 2175 cuius

52 2226 161 2253 nave
216 2215 430 2262 profectus
483 2215 548 2252 est
594 2214 888 2262 Telemachus,
938 2215 1071 2261 deque
1120 2214 1232 2251 illius
1279 2214 1330 2251 ad
1382 2214 1606 2251 Nestorem

53 2290 204 2328 itinere
238 2290 439 2328 certiores
473 2299 544 2327 eos
576 2289 690 2327 facit.
727 2289 946 2336 Sequitur:

349 2358 400 2410 ὦς
428 2359 562 2413 ἔφαθ’,
590 2364 628 2401 οἳ
655 2359 690 2401 δ’
723 2361 798 2400 ἀνὰ
825 2363 959 2413 θυμὸν
988 2362 1198 2414 ἐθάμβεον·
1231 2362 1278 2402 οὐ
1306 2362 1378 2415 γὰρ
1401 2362 1546 2413 ἔφαντο

350 2437 387 2485 ἐς
421 2439 557 2477 Πύλον
589 2438 765 2489 οἴχεσθαι
796 2438 991 2488 Νηλήϊον,

55 2514 286 2562 Corruptus
319 2515 431 2552 haud
464 2515 587 2552 dubie
620 2515 687 2552 hic
720 2515 859 2552 locus:
895 2514 1131 2552 infinitivus
1164 2515 1279 2553 enim
1311 2514 1487 2564 οἴχεσθαι
1514 2514 1606 2551 sub-

56 2591 164 2628 iecto
198 2600 339 2628 carere
371 2601 455 2628 non
487 2591 650 2637 potest;
684 2590 757 2627 sed
790 2590 892 2627 illud
925 2601 949 2627 a
979 2591 1096 2627 vobis
1123 2591 1389 2637 propositum
1416 2587 1516 2637 ἔφαν
1543 2588 1610 2626 τόν

57 2666 399 2713 ingratissimum
442 2666 804 2712 durissimumque
848 2665 1026 2703 videtur.
1060 2665 1217 2703 Veram
1249 2665 1477 2702 lectionem
1511 2664 1609 2702 alte—

57 2741 146 2778 rius
191 2741 287 2778 vitii
333 2740 573 2778 observatio
627 2742 778 2788 sponte
825 2742 1035 2788 suggeret.
1084 2741 1231 2779 Nonne
1279 2740 1393 2778 enim
1441 2739 1611 2777 absurdi

59 2815 216 2862 aliquid
254 2815 366 2853 inest
397 2816 438 2854 in
472 2816 551 2853 hac
583 2816 895 2853 sententiarum
929 2816 1215 2863 copulatione:
1255 2815 1611 2862 „obstupueruntz

60 2901 143 2928 non
177 2891 319 2928 enim
353 2890 579 2928 credebant
611 2901 709 2928 eum
743 2891 896 2937 Pylum
930 2890 1146 2928 abiisse'’?
1180 2890 1307 2938 Quasi
1340 2901 1439 2927 vero
1473 2890 1612 2936 ipsum

1490 2959 1507 2985 ‘2
