2030 3439
869 378 948 415 133

367 502 574 553 ὁύσμορος·
607 496 631 551 ἦ
664 500 702 539 τέ
733 503 802 539 ,Fon
834 500 966 540 ἐσθλοὶ
1002 501 1095 539 ἔσαν
1127 500 1284 551 ὄρνιθες
1319 502 1428 547 ἰόντι,

366 576 497 627 δεξιοὶ,
529 572 585 623 οἷς
618 577 762 627 χαίρων
794 574 864 627 μὲν
896 576 994 628 ἐγὼν
1026 575 1255 627 ἀπέπεμπον
1289 576 1451 621 ἐκεῖνον,

359 651 481 704 ’χαῖρε
515 651 556 692 δὲ
587 656 714 699 κεῖνος
750 651 934 691 ἰών·κτέ.

188 731 258 768 Vs.
304 731 387 769 312
432 741 515 769 non
558 731 648 768 tarn
688 730 871 767 molesta
914 729 1019 767 mihi
1058 732 1122 766 est
1155 730 1291 766 forma
1324 728 1490 766 novicia
1522 726 1683 772 ἐκεῖνον,

128 817 256 854 quain
285 807 426 854 ipsum
454 806 557 844 illud
585 815 818 853 pronomen
834 816 841 849 ;
873 805 1190 852 ineptissimum
1219 804 1345 851 0111111,
1366 814 1463 841 011111
1482 805 1683 849 sequatur

122 878 243 932 ’χαῖρε
287 878 329 919 δὲ
370 884 497 927 κεῖνος
540 880 624 927 ἰών,
665 878 878 928 ἔμφατικὸν
913 880 1024 917 istud
1059 877 1287 927 ἀπέπεμπον
1321 877 1468 916 ἐκεῖνον
1502 878 1680 915 Videtur.

129 957 283 1006 Quodsi
328 958 369 994 in
412 956 630 995 vocabulis
668 966 749 993 non
784 956 1017 1003 haererem,
1053 955 1104 992 ad
1137 955 1344 1002 genuinas
1375 954 1536 991 formas
1565 953 1682 990 resti-

127 1033 308 1071 tuendas
340 1033 610 1071 lenissimam
643 1031 753 1069 hanc
785 1041 1064 1078 proponerem
1098 1029 1466 1068 emendationem:

423 1105 541 1153 δεξιοὶ
575 1102 675 1145 οἷσιν
708 1105 780 1157 ἐγὼ
813 1109 942 1143 κεῖνον
975 1105 1119 1155 χαίρων
1153 1103 1394 1153 ἀπέπεμπον.

186 1184 265 1222 Sed
297 1183 434 1221 multo
468 1183 746 1221 verisimilius
779 1182 947 1219 videtur
979 1182 1151 1229 poetam
1184 1180 1372 1218 dedisse:

392 1256 524 1307 δεξιοὶ,
554 1253 612 1304 οἷς
643 1257 788 1308 χαίρων
820 1254 890 1306 μὲν
923 1254 1021 1308 ἐγὼν
1054 1254 1283 1305 ἀπέπεμπον
1316 1255 1422 1293 ἰόντα

287 1334 355 1373 vel
388 1332 518 1382 δεξιοὶ,
549 1328 651 1372 οἷσιν
683 1331 756 1384 ἐγὼ
788 1332 932 1383 χαίρων
965 1330 1194 1381 ἀπέπεμπον
1227 1331 1350 1377 ἰόντα,

125 1412 311 1459 dumque
353 1411 723 1459 elegantissimam
755 1410 865 1447 hanc
892 1409 1096 1447 scriberet
1128 1409 1384 1446 antithesin:
1418 1406 1560 1457 χαίρων
1594 1404 1684 1443 ἁπέ-

125 1499 280 1536 πεμπον
311 1485 433 1535 ἰόντα,
463 1489 570 1537 χαῖρε
603 1483 644 1523 δὲ
670 1488 797 1530 κεῖνος
824 1484 908 1533 ἰών,
935 1495 1019 1523 11011
1047 1484 1297 1522 observasse
1324 1493 1474 1530 parum
1504 1482 1683 1519 venuste

126 1562 269 1600 versui
310 1562 354 1600 in
396 1561 493 1600 ἰόντι
536 1562 710 1600 exeunti
753 1570 927 1598 versum
969 1559 1131 1606 subiici,
1177 1559 1296 1596 cuius
1328 1558 1530 1595 ultimum
1565 1566 1681 1594 voca-

125 1638 273 1676 bulum
315 1639 431 1676 esset
473 1636 580 1675 ἰόντα
620 1637 811 1676 111111111110
845 1636 960 1674 0111111
992 1635 1128 1682 turpis
1161 1633 1369 1672 eiusmodi
1402 1632 1682 1679 negligentia3

125 1714 194 1752 vel
241 1713 430 1762 optimus
477 1714 602 1761 po'e'ta
644 1712 859 1750 interdum
901 1711 962 1749 sic
1004 1712 1176 1758 peccat),
1221 1709 1295 1746 sed
1338 1707 1684 1755 interpolatorem

125 1790 266 1828 levem
298 1789 419 1827 illam
451 1788 667 1827 maculam
701 1788 832 1826 etiam
865 1796 963 1825 cum
995 1785 1234 1824 sententiae
1262 1783 1518 1822 detrimento
1546 1782 1682 1820 eluen-

125 1865 224 1903 dam
256 1866 445 1913 putasse.

185 2016 267 2054 347
303 2026 365 2063 sq.
399 2016 610 2054 Monstrat
634 2015 745 2063 patri
772 2014 951 2061 Ulysses
980 2012 1234 2058 cicatricem,
1265 2011 1488 2048 enumerat
1515 2007 1685 2046 arbores

127 2091 208 2130 sibi
242 2091 345 2130 olim
378 2101 402 2129 a
433 2092 554 2139 patre
587 2091 732 2137 datas;
767 2091 861 2127 tum
895 2089 965 2126 ille
999 2098 1097 2126 eum
1131 2086 1345 2134 agnoscit:

333 2164 435 2216 ἀμφὶ
467 2163 509 2205 δὲ
539 2164 652 2204 παιδὶ
684 2165 783 2220 φίλῳ
812 2160 921 2215 ’βάλε
952 2163 1079 2214 πήχεε,
1109 2161 1176 2200 τὸν
1208 2159 1249 2200 δὲ
1280 2158 1368 2199 ποτὶ
1398 2158 1466 2198 fol

333 2238 431 2281 εἷλεν
463 2241 536 2281 κτὲ.

185 2319 249 2358 Ad
281 2319 460 2357 verbum
494 2314 592 2356 εἷλεν
624 2317 935 2356 defendendum
968 2318 1055 2354 tres
1087 2315 1201 2353 locos
1236 2313 1378 2351 Iliadis
1406 2311 1579 2358 affertis,
1610 2310 1682 2348 sed

126 2395 170 2433 in
211 2395 327 2433 nullo
360 2395 514 2433 horum
545 2394 778 2442 quidquam
812 2402 905 2430 esse
939 2391 1061 2429 credo
1094 2388 1305 2437 praesidii.
1341 2387 1512 2435 Legitur
1545 2386 1681 2436 enini:

127 2470 169 2508 ,Ω
201 2471 284 2509 226
317 2481 379 2518 sq.
620 2467 759 2507 αὐτίκα
790 2466 863 2519 γάρ
896 2480 941 2516 με
973 2464 1254 2503 κατακτείνειεν
1287 2461 1472 2513 Ἀχιλλεὺς

422 2544 542 2596 ἀγκὰς
574 2540 697 2583 ἑλόντ’
735 2542 828 2593 ε’μὸν
860 2541 959 2581 υἱόν.

185 2621 245 2660 De
291 2621 377 2660 filio
425 2623 642 2659 mortuo
690 2620 757 2657 hic
804 2618 1000 2656 Priamus
1043 2616 1239 2664 loquitur,
1284 2614 1494 2661 verboque
1537 2613 1681 2650 nostro

127 2697 288 2735 addidit
329 2694 461 2747 ἀγκάς.
505 2696 606 2745 Quis
649 2697 790 2733 autem
837 2692 1047 2731 dubitavit
1079 2701 1267 2738 unquam
1300 2690 1401 2736 quin
1433 2686 1552 2739 ἀγκὰς
1585 2684 1681 2723 ἑλεῖν

126 2772 241 2810 10010
288 2771 529 2810 diceretur?
575 2771 627 2809 Et
673 2770 767 2817 quis
808 2767 1065 2807 nostratium
1108 2767 1228 2814 putet
1269 2765 1405 2802 dicere
1447 2773 1492 2801 50
1535 2771 1681 2809 posse:

132 2847 213 2895 „hij
257 2857 378 2885 nam
420 2847 502 2895 ziJ'n
543 2856 650 2884 zoon
681 2854 785 2883 naar
817 2843 909 2881 zich
941 2842 1052 2889 toe’',
1085 2840 1183 2888 quia
1215 2840 1345 2878 etiarn
1378 2839 1562 2876 dicatur:
1601 2836 1680 2884 „hij

130 2931 233 2960 nam
265 2921 339 2960 het
369 2921 443 2969 lijk
474 2931 558 2959 van
590 2921 673 2969 zijn
706 2928 811 2958 zoon
851 2919 893 2956 in
925 2917 976 2956 de
1008 2916 1217 2955 armen”?
