2030 3439
819 1102 1160 1173 LIBER
1221 1101 1431 1172 XIV.

525 1402 548 1437 8
614 1396 728 1444 αὐτὸς
761 1394 919 1447 δείμαθ’
958 1397 1091 1435 ὕεσσιν
1124 1394 1398 1446 ἀποιχομένοιο
1431 1395 1638 1442 ,Ράνακτος

407 1475 506 1513 Mihi
550 1475 586 1512 si
630 1475 845 1522 Odysseae
889 1474 1016 1512 editio
1060 1475 1174 1511 esset
1216 1473 1492 1521 procuranda,
1533 1473 1905 1521 elegantissimum

348 1552 461 1588 hunc
492 1561 666 1588 versum
699 1550 983 1597 relinquerem
1016 1550 1239 1598 intactum,
1275 1559 1411 1596 neque
1444 1545 1621 1598 ἐδείμαθ’
1659 1549 1903 1598 scriberem,

347 1627 446 1673 quia
477 1626 538 1663 sic
570 1626 811 1664 restituitur
843 1626 1015 1673 quidem
1049 1626 1343 1674 augmentum,
1379 1625 1453 1663 sed
1484 1626 1602 1663 totus
1630 1635 1793 1674 versus,
1823 1625 1907 1663 nisi

348 1713 416 1739 me
458 1702 612 1739 fallunt
654 1712 790 1750 aures,
836 1701 1133 1749 corrumpitur.
1179 1700 1367 1749 Quatuor
1411 1701 1526 1738 enim
1568 1701 1666 1740 illae
1704 1711 1905 1740 caesurae

348 1778 587 1816 trochaicae
620 1777 762 1815 nescio
796 1777 895 1825 quid
926 1777 1050 1815 fracti
1083 1777 1242 1814 habent
1274 1776 1559 1824 languidique.

408 1928 458 1964 21
504 1937 593 1973 qu.
637 1926 871 1974 Descriptis
913 1926 1091 1964 Eumaei
1133 1926 1301 1964 stabulo
1345 1927 1471 1972 atque
1509 1925 1655 1964 chorte
1689 1936 1906 1964 enumera-

348 2004 486 2050 tisque
519 2003 609 2041 eius
642 2003 773 2040 subus
801 2002 1026 2049 additoque
1055 2002 1226 2040 illorum
1254 2001 1325 2049 qui
1353 2002 1513 2049 optime
1542 2003 1765 2051 saginatus
1793 2006 1909 2042 esset

350 2089 518 2126 semper
551 2079 602 2116 ad
634 2088 784 2126 procos
815 2079 933 2116 mitti
965 2078 1154 2127 solitum,
1189 2078 1251 2116 sic
1282 2079 1421 2126 pergit
1451 2080 1599 2127 poeta:

585 2152 663 2204 πὰρ
699 2151 740 2191 δὲ
771 2154 886 2199 κύνες
918 2153 1083 2205 θήρεσσι
1114 2152 1342 2200 ,Ιῑεῐοικότες
1375 2151 1459 2192 αἰὲν
1491 2154 1607 2194 ἴαυον

585 2227 776 2280 τέσσαρες,
808 2227 876 2275 οὓς
909 2228 1055 2280 ἔθρεψε
1088 2229 1266 2280 συβώτης
1299 2227 1467 2280 ὄρχαμος
1499 2229 1667 2282 ἀνδρῶν·

587 2303 703 2351 αὐτὸς
736 2301 770 2342 δ’
808 2303 909 2354 ἀμφὶ
942 2304 1127 2343 πόδεσσιν
1159 2301 1283 2343 §foto’
1319 2303 1502 2356 ἀράρισκε
1533 2304 1670 2345 πέδιλα

587 2380 743 2430 τάμνων
777 2379 898 2431 δέρμα
930 2379 1061 2431 βόειον
1094 2378 1316 2431 εὐχροές·οἳ
1347 2377 1469 2431 δὲ’δὴ
1502 2379 1611 2420 ἄλλοι

588 2453 716 2510 ᾤχοντ’
748 2454 906 2502 ἄλλυδις
939 2454 1052 2502 ἄλλος
1085 2453 1143 2506 ἅμ’
1181 2454 1431 2508 ἀγρομένοισι
1463 2457 1610 2508 σύεσσι,

590 2531 630 2569 οἵ
658 2534 767 2582 τρεῖς·
800 2531 866 2570 τὸν
899 2529 940 2570 δὲ
971 2530 1149 2583 τέταρτον
1183 2530 1429 2583 ἀποπροέηκε
1461 2532 1620 2572 πόλινδε

587 2612 660 2644 σῦν
693 2604 833 2658 ἀγέμεν
866 2613 1105 2658 μνηστῆρσιν
1137 2606 1437 2659 ὑπερφιάλοισιν
1471 2607 1636 2664 ἀνάγκη,

589 2678 674 2733 ὄφρ’
710 2682 948 2733 ἱερεύσαντες
980 2683 1130 2733 κρεάων
1162 2683 1389 2734 κορεσαίατο
1421 2683 1566 2734 θυμόν.

411 2758 592 2796 Omnino
636 2768 733 2796 cum
777 2758 1020 2797 Callistrato
1063 2759 1171 2797 facio
1206 2769 1379 2797 versum
1414 2760 1467 2797 22
1502 2761 1691 2799 delente:
1726 2761 1906 2799 inseruit

351 2832 503 2878 aliquis
561 2833 631 2879 qui
679 2843 833 2870 canum
882 2844 1110 2872 numerum
1157 2836 1380 2882 pastorum
1427 2846 1605 2874 numero
1652 2837 1906 2884 respondere

354 2908 504 2955 vellet,
541 2908 819 2957 ineptissime,
854 2919 954 2946 nam
989 2911 1351 2957 quemadmodum
1384 2912 1500 2949 totus
1533 2912 1601 2950 hic
1628 2912 1745 2951 locus
1774 2912 1907 2961 docet,
