2030 3439
924 361 978 400 85

235 486 314 525 158
348 496 438 533 sqq.

405 566 450 614 τῇ
484 556 519 597 δ’
556 556 618 609 ἄρ’
655 558 710 598 ε’νὶ
743 558 853 610 φρέσ’
892 560 1009 611 ἔθηκε
1043 560 1117 600 θεὰ
1149 565 1370 613 γλαυκῶπις
1405 560 1563 611 Ἀθήνη,

407 635 530 688 κούρῃ
562 635 762 684 Ρικαρίοιο
794 636 1000 686 περίφρονι
1036 637 1297 690 Πηνελοπείῃ,

407 711 665 762 μνηστήρεσσι
696 709 911 761 φαιιήμεν’,
943 711 1047 758 ὅπως
1079 712 1250 750 πετάσειε
1282 712 1444 762 μάλιστα

406 785 540 836 θυμὸν
573 786 807 837 μνηστήρων
839 784 895 825 ἰδὲ
927 787 1111 837 τιμήεσσα
1145 786 1293 839 γένοιτο

409 865 555 912 μᾶλλον
587 861 683 912 πρὸς
717 861 852 908 πόσιός
885 877 921 900 τε
955 861 1018 900 καὶ
1051 861 1168 910 υἱέος,
1200 860 1222 913 ἣ
1250 862 1378 912 πάρος
1410 856 1489 911 ἧεν.

232 939 338 978 Cum
380 939 430 977 de
471 938 611 985 aliquo
653 939 825 976 homine
867 939 974 977 irato
1017 939 1167 987 agitur,
1213 939 1328 976 nulla
1370 940 1435 976 est
1468 937 1727 985 frequentior

173 1016 314 1063 imago
357 1024 486 1062 quam
528 1014 601 1052 illa
643 1015 747 1052 coeli
790 1015 895 1052 atris
936 1015 1118 1052 nubibus
1161 1014 1309 1052 obsiti:
1354 1014 1395 1051 in
1438 1014 1574 1051 fronte
1611 1012 1725 1050 enim

173 1091 236 1129 ira
268 1090 496 1138 conspicua
527 1091 604 1137 est,
639 1090 689 1127 de
723 1089 842 1127 cuius
875 1090 991 1137 rugis
1024 1090 1172 1127 eadem
1206 1089 1394 1127 adhiberi
1428 1088 1565 1127 solent
1598 1088 1725 1125 verba

173 1177 280 1215 quae
309 1166 359 1204 de
386 1165 568 1204 nubibus
595 1166 637 1203 in
664 1176 744 1203 usu
772 1167 893 1203 sunt:
925 1165 1243 1212 contrahuntur,
1265 1165 1413 1202 deinde
1432 1164 1724 1212 dispelluntur.

175 1242 436 1291 Quapropter
477 1241 708 1279 videndum
750 1252 803 1279 an
845 1251 928 1278 non
972 1251 1034 1278 vs,
1078 1241 1158 1278 160
1191 1250 1264 1288 pro
1297 1238 1467 1276 πετάσειε
1500 1238 1725 1286 legendum

175 1317 232 1355 sit
272 1315 478 1354 σκεδάσειε.
521 1317 664 1354 Nostri
706 1318 851 1354 autem
888 1318 952 1353 est
986 1315 1147 1353 arbitrii
1181 1315 1335 1362 eligere
1368 1315 1511 1352 utrum
1545 1313 1728 1351 velimus

175 1403 289 1441 nam,
333 1392 443 1440 quod
486 1392 537 1430 ad
580 1391 733 1429 ductus
775 1391 997 1429 literarum
1039 1389 1234 1438 pertinet,
1279 1389 1385 1427 nihil
1428 1389 1512 1427 sere
1552 1389 1730 1426 interest

175 1470 288 1508 inter
320 1467 427 1514 ὅπως
459 1466 633 1505 πετάσειε
665 1468 708 1505 et
741 1465 844 1512 ὅπως
877 1464 1081 1503 σκεὸιὲσειε.

236 1618 317 1656 221
352 1628 442 1665 sqq.
475 1617 606 1656 Paulo
639 1618 735 1664 post
767 1616 867 1653 illud
902 1615 1195 1652 mendicorum
1227 1611 1434 1660 proelium
1468 1610 1509 1648 in
1543 1610 1730 1647 virorum

177 1693 377 1732 conclave
404 1693 523 1731 venit
550 1692 758 1739 Penelope
787 1692 829 1729 et
856 1689 1160 1728 Telemachum
1188 1688 1254 1725 his
1282 1686 1550 1734 reprehendit
1570 1684 1730 1722 verbis:

415 1763 500 1806 οἷον
533 1766 581 1817 δὴ
614 1766 700 1805 τόδε
730 1764 874 1817 ,Ρέργον
909 1763 966 1803 ἐνὶ
999 1763 1221 1815 μεγάροισιν
1255 1760 1413 1811 ἐτύχθη,

412 1839 455 1889 ὃς
486 1841 553 1881 τὸν
586 1842 713 1888 ξεῖνον
747 1840 861 1886 ἔασας
894 1838 1221 1887 (ἶςᾟεικισθήμεναι
1255 1836 1365 1874 οὕτω.

411 1924 493 1964 πῶς
525 1923 614 1967 νῦν,
645 1916 684 1955 εἴ
710 1932 743 1954 τι
775 1917 897 1962 ξεῖνος
933 1913 972 1952 ἕν
1010 1911 1219 1963 ἡμετέροισι
1254 1910 1405 1961 δόμοισι

418 1993 561 2044 ἥμενος
595 1987 670 2031 ὧδε
703 1992 828 2030 πάθοι
861 1989 1098 2042 ῥυστακτύος
1131 1986 1167 2035 ἐξ
1200 1986 1418 2038 ἀλεγεινῆς;

414 2069 478 2108 σοί
506 2065 542 2107 κ’
581 2063 711 2118 αἶσχος
744 2067 850 2117 λώβη
882 2079 920 2104 τε
951 2061 1030 2115 μετ’
1069 2062 1317 2113 ἀνθρώποισι
1348 2060 1512 2100 πέλοιτο.

237 2146 419 2194 Auditis,
453 2146 501 2182 ut
533 2144 691 2192 opinor,
727 2153 855 2190 quam
888 2151 1038 2189 parum
1071 2140 1265 2186 venusta,
1300 2148 1428 2185 quam
1462 2136 1624 2173 insulsa
1650 2135 1734 2172 lan-

179 2221 389 2270 guidaque
421 2220 477 2258 sit
510 2220 595 2258 ista
626 2218 821 2267 repetitio
853 2216 919 2254 τὸν
953 2216 1157 2262 ξεῖνον...
1193 2214 1325 2260 ξεῖνος.
1359 2212 1477 2249 Nune
1512 2210 1737 2248 verborum

179 2295 441 2335 sententiam
484 2294 815 2333 consideremus.
860 2292 1060 2329 Potestne
1103 2289 1282 2336 Ulysses
1325 2287 1405 2325 dici
1447 2286 1560 2324 male
1602 2284 1735 2322 mul-

181 2372 342 2410 catus
384 2380 508 2409 esse
552 2367 940 2417 (ἀῈεικισθήμεναιΠ
982 2366 1120 2402 Immo
1153 2374 1252 2401 vero
1288 2362 1402 2410 „abit
1433 2361 1617 2399 violatus
1652 2359 1736 2397 vul-

180 2458 280 2486 nere
322 2446 480 2484 nullo.’'
525 2446 591 2484 An
633 2445 741 2483 forte
779 2443 937 2491 cogitat
971 2440 1178 2487 Penelope
1211 2439 1260 2476 de
1294 2438 1364 2475 illo
1396 2437 1591 2484 scabello,
1627 2435 1736 2483 quod
1779 2466 1781 2468 .

181 2523 231 2561 ab
274 2522 459 2560 Antinoo
504 2521 745 2559 coniectum
786 2519 963 2555 humero
1006 2514 1173 2562 excepit
1215 2513 1426 2560 Ulysses?
1467 2512 1559 2549 Non
1592 2510 1738 2558 opinor

181 2598 232 2636 de
275 2597 347 2635 illa
389 2607 433 2635 re
476 2597 700 2634 certiorem
745 2605 840 2632 eam
882 2594 1054 2631 factam.
1099 2592 1155 2628 At
1192 2590 1400 2638 proelium
1433 2588 1534 2626 illud
1568 2588 1736 2624 tantum

181 2683 398 2711 rumorem
440 2673 612 2710 tantum
655 2671 886 2708 clamorem
931 2667 1148 2713 risumque
1191 2674 1414 2712 procorum
1457 2661 1662 2700 excitavit
1694 2662 1741 2698 ut

181 2747 360 2785 minime
402 2746 562 2784 mirum
604 2746 661 2783 sit
703 2743 966 2792 quaesivisse
1010 2741 1246 2787 Penelopen
1290 2738 1387 2785 quid
1427 2737 1494 2775 ille
1529 2736 1739 2774 tumultus

181 2822 262 2860 sibi
305 2822 447 2860 vellet.
492 2822 632 2868 Atque
674 2831 718 2858 re
762 2818 929 2866 cognita
971 2826 1082 2854 nunc
1114 2814 1417 2852 Telemachum
1451 2812 1737 2858 vituperat...

183 2898 288 2936 cur?
334 2897 490 2945 Opinor
532 2896 641 2943 quod
684 2894 857 2933 omnino
901 2892 1002 2930 illud
1040 2892 1257 2929 certamen
1289 2887 1378 2926 fieri
1411 2896 1563 2935 passus
1595 2886 1663 2933 sit,
1700 2885 1740 2921 in
