2030 3439
782 394 832 432 19

27 518 78 557 ab
121 529 169 557 eo
211 518 411 566 adhibita,
446 517 642 555 morbum
676 519 821 555 tamon
855 519 976 555 acuto
1010 518 1184 555 detexit.
1220 517 1320 566 Quis
1353 517 1468 555 enim
1501 529 1584 556 non

27 594 254 632 offenditur
281 594 496 631 structura
524 593 692 640 tradita,
724 603 851 640 quani
881 593 950 640 qni
979 595 1148 640 propter
1175 593 1394 640 digamma
1421 594 1581 640 neglec-

26 671 120 707 tum
168 671 210 707 et
251 669 468 716 synizesin
514 668 573 706 ita
620 669 843 706 mutarunt
886 671 933 707 ut
975 679 1048 715 pro
1095 662 1114 717 ἧ
1158 666 1354 717 εἰπέμεναι
1396 668 1585 716 legerent

25 741 254 793 ,Ρειπέμεναι
296 744 432 782 multo
475 744 747 782 reddiderunt
790 745 1015 782 duriorem.
1060 744 1277 782 Laudandi
1320 755 1418 792 ergo
1459 745 1529 791 qui
1561 738 1585 794 ἧ

27 819 180 856 ,Ρειπεῖν
226 819 403 867 legendo
447 819 559 857 istud
602 812 625 868 ἧ
670 822 924 857 revocarunt
966 820 1016 857 ab
1060 820 1224 857 exsilio.
1269 820 1348 857 Sed
1391 830 1442 857 ne
1486 820 1587 857 illud

29 894 201 941 quidem
233 904 383 932 verum
416 894 596 932 videtur.
633 895 862 942 Scripsisse·
897 895 1011 932 onim
1042 897 1214 942 poetam
1247 895 1448 933 arbitror:

266 968 301 1006 εἰ
329 969 482 1006 femena
516 969 692 1023 δμῳῇσιν
721 965 937 1019 Ὀδυσσῆος
970 970 1096 1008 θείοιο

265 1041 419 1094 Ὲέργων
450 1043 695 1091 παύσασθαι,
728 1043 880 1083 αὐτοῖσι
912 1042 953 1082 δὲ
986 1045 1097 1082 δαῖτα
1129 1043 1334 1094 πένεσθαι,

269 1118 412 1156 ὕστατα
436 1117 508 1156 -καὶ
539 1119 697 1169 πύματα
732 1125 805 1157 νῦν
839 1118 982 1157 ἐνθάδε
1017 1119 1278 1169 δειπνήσειαν.

89 1194 203 1232 Nihil
249 1195 405 1232 iratam
452 1195 690 1243 Penelopen
737 1195 884 1233 decere
926 1196 1065 1243 magis
1108 1196 1275 1234 videtur
1317 1206 1446 1243 quam
1487 1197 1589 1236 hoc:

35 1270 97 1318 „si
140 1270 220 1307 huc
252 1270 373 1307 venis
406 1272 454 1308 ut
491 1271 668 1308 ancillas
702 1281 851 1318 parare
884 1281 1060 1309 coenam
1093 1271 1231 1319 procis
1264 1271 1422 1320 iubeas,
1458 1282 1480 1309 o
1512 1273 1590 1310 uti-

32 1355 133 1383 nam
181 1355 382 1392 suprema
424 1345 496 1383 illa
544 1356 692 1384 eorum
741 1357 871 1384 coena
919 1347 1028 1384 sit!''
1072 1347 1136 1384 EX
1178 1346 1212 1384 εἰ
1251 1346 1372 1384 εἰπεῖν
1404 1348 1592 1395 primum

33 1422 184 1458 natum
217 1423 283 1459 est
314 1420 447 1469 εἰπεῖν,
484 1421 634 1460 deinde
668 1424 808 1460 cetera
843 1423 988 1460 omnia
1019 1422 1137 1460 vitia.

96 1572 191 1610 710.
225 1572 336 1610 Vera
379 1583 507 1610 causa
541 1583 613 1610 cur
646 1573 795 1611 Medon
827 1574 1046 1612 advenerit
1076 1574 1256 1622 cognita,
1291 1573 1488 1611 flebiliter
1519 1573 1591 1611 Pe-

34 1647 182 1695 nelope
224 1649 367 1695 rogat:
416 1658 515 1696 „cur
556 1647 670 1686 filius
711 1658 835 1686 meus
867 1649 947 1687 iter
980 1649 1081 1687 illud
1114 1649 1384 1686 maritimum
1417 1649 1593 1696 periculi

33 1722 204 1770 plenum
240 1723 488 1771 suscepit?''

270 1791 294 1848 ἦ
327 1797 392 1835 ἵνα
425 1793 518 1848 μηδ’
557 1794 661 1848 ὄνομ’
700 1797 823 1837 αὑτοῦ
856 1797 897 1837 ἐν
930 1797 1178 1850 ἀνθρώποισι
1210 1799 1388 1849 λίπηται;

35 1874 210 1922 Semper
250 1874 358 1911 mihi
401 1874 664 1922 corruptelae
699 1875 833 1913 oritur
866 1875 1051 1923 suspicio
1085 1886 1183 1913 cum
1216 1875 1325 1923 apud
1357 1875 1595 1913 Homerum

35 1948 156 1987 αὐτοῦ
203 1947 307 2002 αὐτῷ
355 1951 397 1987 et
439 1950 598 1987 Similia
641 1951 865 1998 tamquam
907 1951 1162 1998 pronomina
1203 1951 1445 1999 personalia
1477 1951 1594 1999 (eius,

35 2025 85 2070 ei)
129 2025 235 2073 lego.
281 2024 416 2073 Quare
459 2026 502 2063 et
543 2025 611 2063 hic
653 2027 913 2064 correctione
946 2037 1050 2074 opus
1086 2037 1180 2064 esse
1213 2026 1372 2074 opinor.
1407 2026 1597 2073 Propono

36 2101 204 2138 autem:

272 2168 296 2225 ἦ
330 2174 394 2212 ἴνα
427 2171 522 2225 μηδ’
559 2172 665 2226 ὄνομ’
702 2175 828 2214 αὐτὸ
862 2174 903 2214 ἐν
936 2174 1184 2227 ἀνθρώποισι
1216 2176 1394 2226 λίπηται;

42 2261 103 2288 ne
135 2260 331 2288 nomen
363 2251 581 2298 quidem
615 2252 816 2300 ipsum:
852 2252 930 2290 hoc
962 2254 1028 2290 est
1060 2252 1170 2299 quod
1201 2252 1270 2290 hic
1301 2252 1541 2299 requiritur.

43 2403 127 2441 732
152 2412 241 2450 sqq.
306 2400 340 2439 εἰ
369 2400 441 2453 γὰρ
474 2400 547 2454 ἐγὼ
576 2399 785 2453 ’πυθόμην
817 2403 962 2454 ταύτην
995 2401 1089 2442 ὁδὸν
1122 2401 1372 2455 ὁρμαίνοντα,

310 2460 360 2530 ἑῷ
391 2491 434 2515 κε
465 2473 546 2527 μάλ’
582 2476 607 2528 ἥ
639 2492 705 2516 κεν
737 2477 862 2528 ἔμεινε
892 2477 957 2517 καὶ
989 2476 1199 2529 ἐσσυμένος
1231 2492 1302 2530 περ
1334 2476 1456 2528 ὁδοῖο,

310 2550 335 2602 ἤ
365 2550 408 2590 κε’
438 2567 483 2602 με
515 2556 731 2603 τεθνηυῑαν
764 2551 821 2591 ε’νὶ
852 2553 1076 2604 μεγάροισιν
1107 2552 1240 2592 ἔλειπε.

104 2628 336 2676 Penelopes
379 2628 430 2666 ad
463 2629 640 2667 ancillas
672 2629 802 2667 verba
833 2631 934 2668 sunt
965 2629 1118 2677 quibus
1150 2630 1200 2668 de
1232 2629 1476 2668 Telemachi
1508 2640 1600 2668 nar-

46 2704 158 2742 ravit
203 2703 473 2751 profectione.
536 2703 767 2752 Displicere
824 2704 944 2743 vobis
992 2705 1292 2753 imperfectum
1338 2703 1461 2742 ἔλειπε
1508 2707 1603 2752 post

48 2778 258 2816 aoristum
299 2776 422 2827 ἔμεινε
464 2778 643 2817 minime
686 2779 829 2828 miror,
874 2790 959 2819 non
1000 2782 1216 2828 receptam
1249 2790 1274 2818 a
1304 2780 1425 2818 vobis
1458 2779 1603 2818 Cobeti

50 2853 339 2891 coniecturam
387 2851 519 2903 ἔμιμνε
567 2864 640 2901 pro
683 2852 807 2903 ἔμεινε
849 2855 972 2893 valde
1013 2856 1157 2894 miror.
1201 2855 1432 2894 Annotatis
1475 2855 1602 2904 enim,

50 2928 123 2967 illa
165 2931 523 2968 commemorata:
571 2939 674 2978 „nos
716 2932 875 2979 tamen,
909 2931 1035 2969 modo
1068 2931 1228 2969 sineret
1254 2932 1454 2979 metrum,
1490 2941 1604 2978 prae-
