2030 3439
887 354 966 391 103

143 477 318 515 brevem
349 477 551 524 quietem)
579 476 874 523 Eurymachus
902 487 1032 514 manu
1061 477 1260 515 versabat
1287 479 1476 516 arcum.”
1496 478 1554 515 Do
1573 479 1697 526 signi-

144 551 341 590 ficatione
374 552 519 589 autem
551 550 856 589 vocabulorum
890 549 1174 600 ἢδη...ἐνώμα
1202 563 1253 590 ne
1281 553 1502 590 levissima
1532 553 1703 600 quidem

146 636 240 664 esse
271 626 413 674 potest
445 625 675 663 dubitatio:
709 627 931 663 recurrunt
964 627 1078 663 enirn
1113 637 1174 664 vs.
1211 628 1318 664 393:
1355 628 1600 676 Philoetius,
1633 629 1700 675 qui

145 701 197 739 ad
243 701 394 739 ianuas
441 700 697 738 claudendas
745 701 920 748 exierat,
970 701 1078 738 redit
1125 703 1251 748 atque
1299 712 1375 740 suo
1419 703 1569 740 assidit
1615 703 1704 740 loco

144 778 277 817 oculis
312 776 355 813 in
386 775 590 823 Ulyssem
625 776 866 822 conversis:
902 777 1119 823 sequitur:
1155 774 1173 813 ὁ
1208 773 1247 814 δ’
1285 775 1361 826 ἤδη
1393 777 1504 823 τόξων
1534 776 1673 827 ἐνώμα.

207 925 287 963 257
323 934 413 971 sqq.
460 923 781 971 Eurymachum
828 924 1000 962 tristem
1049 925 1158 971 quod
1206 935 1352 963 arcum
1402 924 1573 962 tendere
1622 935 1703 963 non

146 1000 282 1049 possit
307 1000 660 1046 metuentemque
688 999 912 1037 hominum
931 1010 1124 1037 rumores
1143 1000 1204 1037 sic
1223 1001 1451 1047 alloquitur
1469 1000 1701 1038 Antinous:

384 1070 603 1125 Εὐρύμαχ’,
636 1072 707 1124 οὐχ
739 1073 862 1120 οὕτως
894 1072 1008 1112 ἔσται·
1042 1074 1163 1121 νοέεις
1197 1072 1238 1113 δὲ
1269 1073 1334 1113 καὶ
1366 1074 1493 1121 αὐτός.

380 1154 456 1186 νῦν
489 1145 560 1199 μὲν
590 1147 664 1200 γὰρ
696 1147 793 1186 κατὰ
826 1149 953 1199 δῆμον
985 1147 1097 1200 ἑορτὴ
1130 1152 1210 1188 τοῖο
1241 1153 1353 1188 θεοῖο

381 1221 493 1276 ἁγνή.
525 1223 581 1270 τίς
615 1222 657 1262 δέ
689 1238 730 1262 κε
762 1223 852 1271 τόξα
885 1221 1102 1271 τιταίνοιτ’;
1134 1223 1230 1263 ἀλλὰ
1258 1224 1419 1275 ,Ρέκηλοι

266 1301 349 1339 260
382 1295 547 1338 κάτθετ’.
580 1297 675 1351 ἀτὰρ
708 1298 870 1346 πελέκυς
901 1314 943 1351 γε
975 1298 1040 1338 καὶ
1073 1300 1111 1338 εἴ
1136 1297 1165 1338 κ’
1202 1299 1350 1350 ἕάωμεν
1383 1300 1556 1347 ἅπαντας

380 1371 549 1425 ἓστάμεν’
587 1374 635 1414 οὐ
669 1372 739 1425 μὲν
771 1374 844 1427 γάρ
876 1372 943 1413 τιν’
981 1374 1269 1426 ἀναιρήσεσθαι
1301 1373 1369 1414 ὀίω

382 1446 531 1489 ἐλθόντ’
567 1448 604 1496 ἐς
636 1448 807 1502 μέγαρον
840 1447 1073 1500 Λαερτιάδα’
1105 1447 1305 1501 Ὀδυσῆος.

202 1527 341 1566 Huius
397 1526 702 1566 admonitionis
755 1537 862 1574 quae
909 1528 966 1565 sit
1012 1528 1120 1565 ratio
1168 1538 1251 1565 non
1299 1528 1422 1575 plane
1471 1530 1699 1576 perspicio:

145 1605 292 1643 auctor
325 1604 392 1642 est
423 1603 637 1641 Antinous
669 1604 728 1650 ut,
765 1613 862 1640 cum
895 1603 984 1640 dies
1017 1603 1154 1640 festus
1186 1603 1254 1650 sit,
1289 1604 1432 1651 gravis
1466 1605 1546 1641 iste
1579 1615 1702 1642 arcus

145 1679 346 1718 tendendi
377 1679 496 1717 labor
527 1678 727 1716 mittatur
760 1678 869 1715 iam:
904 1678 982 1715 hoc
1016 1678 1217 1725 intelligo.
1250 1679 1329 1716 Sed
1357 1679 1455 1725 quid
1483 1678 1552 1728 οὐχ
1580 1679 1702 1724 οὕτως

144 1755 279 1794 ἔσταιὶ)
322 1755 501 1792 Dixerat
548 1754 663 1791 enim
709 1753 1026 1800 Eurymachus:
1089 1754 1250 1801 „turpis
1297 1754 1347 1791 de
1394 1754 1514 1792 nobis
1560 1754 1701 1792 fabula

144 1832 225 1870 erit
257 1830 367 1879 apud
399 1829 635 1878 posteros.”
671 1828 758 1877 Quo
786 1829 875 1866 iure
909 1829 946 1866 ei
979 1829 1191 1866 Antinous
1219 1829 1466 1876 respondet:
1505 1840 1613 1877 „non
1643 1829 1701 1866 ita

143 1917 212 1946 res
255 1917 301 1945 se
342 1905 536 1951 habebit;
580 1904 648 1942 vel
690 1906 737 1942 tu
770 1905 848 1942 hoc
881 1904 1117 1951 intelligere
1150 1904 1338 1942 debes'⁷·?
1374 1905 1440 1942 An
1473 1905 1571 1952 quia
1602 1906 1701 1942 sunt

143 1982 273 2020 seriae
320 1981 418 2019 dei‘?
468 1980 573 2028 Quid
617 1980 684 2017 his
733 1990 829 2017 cum
877 1979 1102 2017 hominum
1148 1980 1421 2017 rumoribus?
1464 1980 1592 2017 Recte
1635 1980 1702 2017 his

144 2057 285 2095 verbis
327 2055 624 2103 Eurymachus
667 2055 1046 2102 reprehenderetur
1087 2055 1123 2092 si
1166 2054 1228 2092 sic
1271 2055 1450 2092 comites
1493 2055 1703 2093 allocutus

145 2133 282 2170 esset:
330 2131 587 2179 „agitedum
632 2140 720 2178 vos,
766 2130 836 2176 qui
874 2130 1080 2167 hactenus
1113 2129 1238 2168 otiosi
1271 2130 1507 2178 desedistis,
1542 2130 1702 2177 surgite

146 2209 188 2246 et
220 2208 457 2245 instaurate
491 2207 721 2254 certamen,
757 2205 823 2243 cui
853 2215 955 2243 mox
984 2215 1060 2252 ego
1087 2215 1252 2251 quoque
1280 2207 1321 2242 et
1350 2205 1562 2243 Antinous
1591 2214 1701 2242 acce-

145 2283 319 2321 demus:
363 2276 612 2329 gravisSimi
655 2281 770 2318 enim
814 2279 979 2318 labores
1021 2280 1227 2318 subeundi
1261 2280 1403 2327 potius
1435 2290 1563 2326 quam
1596 2279 1704 2317 hanc

146 2358 189 2395 in
234 2367 312 2395 nos
354 2357 639 2395 admittamus
682 2355 949 2393 infamiam''.
995 2355 1075 2392 Hic
1108 2365 1206 2402 ergo
1238 2355 1403 2402 haereo,
1439 2365 1574 2401 neque
1607 2364 1702 2401 quo-

146 2433 272 2471 modo
333 2442 404 2470 me
473 2431 682 2469 extricem
743 2429 891 2468 habeo.
954 2429 1091 2468 Versu
1160 2430 1243 2468 260
1305 2430 1414 2468 hanc
1471 2429 1704 2477 proponitis

144 2508 399 2546 lectionem:

382 2579 477 2632 ἀτὰρ
508 2578 670 2626 πελὲκυς
703 2594 744 2631 γε
777 2578 941 2628 ἐάσομεν
975 2575 1117 2616 ἐνθάδ’
1156 2578 1331 2624 ἅπαντας

147 2668 231 2705 qua
271 2659 384 2696 certe
426 2657 619 2704 legitime
661 2657 876 2694 structura
909 2656 952 2692 et
984 2655 1110 2692 huius
1143 2656 1185 2692 et
1216 2654 1435 2701 sequentis
1467 2655 1704 2693 sententiae

146 2732 410 2771 restituitur:
445 2742 547 2770 nam
579 2741 687 2778 quae
720 2741 832 2768 nunc
864 2731 1063 2777 leguntur

407 2804 502 2858 ἀτὰρ
534 2804 695 2852 πελέκυς
728 2819 769 2857 γε
801 2803 866 2842 καὶ
898 2804 936 2842 εἴ
961 2801 990 2842 κ’
1027 2803 1176 2854 ἐάωμεν
1208 2803 1383 2850 ἅπαντας

389 2877 576 2932 ἓστάμεν’,
607 2880 654 2920 οὐ
687 2878 757 2931 μὲν
788 2880 860 2932 γάρ
893 2876 960 2917 τιν’
995 2877 1279 2930 ἀναιρήσεσθαι
1313 2876 1380 2917 ὀίω
