2030 3439
1143 399 1198 440 34

391 537 482 575 erat
513 533 646 582 υἱάσι),
681 541 816 579 neque
850 528 1003 578 populo
1036 527 1220 575 filiisque
1248 527 1600 566 commemoratis
1628 527 1718 576 ipse
1745 527 1949 566 Alcinous

390 611 558 650 silentio
586 607 806 658 praeteriri
834 606 987 653 potest,
1019 614 1117 642 cum
1150 604 1405 651 praesertim
1438 604 1665 652 praecedat
1692 592 1949 649 Ἀλκίνοος..’.

390 703 454 738 μιν
498 686 602 725 ἔτισε.
646 686 737 723 Hoc
780 685 926 721 tamen
969 681 1143 728 gravius
1186 681 1296 727 quod
1340 690 1476 727 neque
1523 681 1709 728 perfecto
1756 679 1949 729 τετίμηται

389 773 523 810 neque
566 761 722 799 aoristo
767 757 861 795 ἔτισε
904 757 1085 795 affectus
1119 755 1292 802 quidam
1326 756 1471 793 mariti
1505 757 1828 803 ceterorumque
1861 767 1947 795 om-

388 840 507 877 nium
541 847 639 884 erga
670 835 830 872 Areten
863 831 1142 880 significatur,
1177 831 1251 869 sed
1279 841 1348 869 res
1376 832 1586 878 quaedam
1615 833 1729 870 certo
1756 833 1949 880 tempore

386 916 523 953 factae
566 912 775 957 dicuntur,
820 918 1001 956 quarum
1037 907 1225 945 fructum
1258 917 1370 944 nunc
1403 907 1535 944 etiam
1567 907 1697 945 Arete
1730 908 1947 956 percipiat.

388 991 445 1029 Eo
488 998 586 1036 ergo
629 987 732 1034 loco,
778 985 848 1022 ubi
890 993 1003 1021 nunc
1044 980 1082 1019 τέ
1113 997 1179 1020 και
1211 980 1288 1019 ἔστι
1322 982 1489 1031 legitur,
1525 983 1721 1030 equidem
1761 984 1949 1031 aliquem

388 1065 552 1113 requiro
586 1062 824 1101 ablativum
857 1058 1235 1097 instrumentalem
1273 1058 1518 1097 honores
1550 1059 1813 1098 indicantem
1847 1059 1948 1097 olim

388 1142 430 1179 in
464 1140 655 1188 reginam
690 1137 879 1176 collatos.
914 1134 1072 1182 Ecquid
1110 1133 1319 1184 γεράεσσιῗ)
1351 1134 1557 1172 Dixeritis
1590 1145 1805 1182 nusquam
1839 1135 1948 1183 apud

388 1219 625 1255 Homerum
659 1214 780 1251 illum
814 1213 987 1250 exstare
1021 1210 1229 1259 dativum,
1265 1211 1339 1248 sed
1373 1211 1546 1249 omnino
1580 1221 1702 1249 rarus
1731 1212 1796 1249 est
1822 1211 1950 1249 huius

389 1291 647 1331 substantivi
682 1290 723 1326 in
756 1287 909 1336 plurali
942 1297 1058 1325 usus.
1093 1286 1203 1324 Nam
1241 1286 1278 1324 si
1311 1287 1406 1333 quis
1439 1287 1547 1324 mihi
1579 1287 1709 1325 verba
1740 1285 1827 1338 περὶ
1859 1292 1949 1337 κῆρι

390 1369 573 1417 opponat
614 1365 738 1404 facile
780 1364 883 1401 illud
926 1362 1196 1400 obstaculum
1239 1372 1500 1400 removeam.
1542 1362 1640 1400 Sive
1673 1363 1788 1401 enim
1820 1363 1949 1402 verbo

388 1444 580 1493 τετίμηται
629 1440 839 1479 eiusmodi
881 1438 1107 1486 ablativus,
1153 1437 1323 1485 qualem
1370 1448 1447 1485 ego
1490 1438 1599 1487 volo,
1644 1439 1813 1477 additur
1858 1439 1950 1477 sive

389 1531 472 1558 non
518 1518 696 1565 additur,
747 1517 894 1554 tamen
928 1525 1026 1552 cum
1059 1514 1193 1551 semel
1226 1514 1269 1551 in
1301 1514 1487 1561 perfecto
1520 1514 1710 1561 positum
1743 1514 1851 1553 illud'
1880 1515 1949 1564 sit,

390 1595 637 1633 adiunctum
680 1592 760 1629 sibi
793 1591 948 1628 habere
981 1587 1068 1639 περὶ
1100 1594 1188 1639 κῆρι
1220 1600 1305 1627 non
1336 1591 1479 1637 potest
1511 1590 1612 1636 quin
1645 1600 1747 1628 vera
1778 1590 1950 1629 illorum

390 1670 694 1709 vocabulorum
729 1667 794 1704 vis
823 1666 1094 1713 aliquomodo
1123 1665 1386 1712 negligatur:
1421 1665 1656 1703 affectuum
1685 1665 1799 1703 enim
1828 1666 1951 1704 sedes

389 1745 428 1784 τὸ
470 1743 571 1795 κέαρ.
605 1744 764 1781 Verum
808 1742 1016 1780 formulae
1060 1741 1196 1778 instar
1239 1741 1354 1778 istud
1386 1738 1472 1790 περὶ
1505 1746 1594 1790 κῆρι
1627 1741 1808 1791 videtur,
1844 1752 1951 1789 quae

387 1823 537 1869 sponte
580 1820 631 1858 ad
674 1819 803 1857 verba
846 1817 969 1865 quale
1013 1818 1079 1854 est
1122 1822 1235 1865 τιμᾶν
1279 1816 1453 1854 accedat
1494 1817 1624 1854 etiam
1665 1827 1763 1854 cum
1801 1817 1952 1855 abesse

388 1908 482 1935 eam
525 1896 742 1934 malimus.
777 1893 936 1931 Deinde
968 1902 1031 1930 VS.
1067 1893 1120 1930 74
1156 1891 1366 1940 particula
1397 1905 1434 1928 τε
1467 1892 1542 1929 vix
1574 1892 1750 1930 ferenda
1782 1892 1952 1930 videtur

388 1983 544 2021 proque
586 1981 635 2009 ea
667 1969 958 2018 reponendum
991 1966 1054 2005 ὂέῑ
1094 1978 1203 2016 „non
1236 1968 1356 2005 deest
1394 1967 1565 2014 reginae
1597 1968 1820 2017 sapientia,
1856 1969 1950 2006 sed

389 2046 511 2094 (μὲν..
545 2046 598 2092 δέ)
643 2056 768 2094 saepe
801 2046 971 2093 propter
1009 2043 1281 2091 prudentiam
1315 2043 1446 2081 etiam
1481 2044 1531 2081 ad
1564 2044 1755 2081 virorum
1788 2045 1949 2082 contro-

390 2124 552 2162 versias
585 2121 846 2160 dirimendas
878 2120 1098 2158 vocatur.”

451 2276 530 2312 146
564 2285 653 2321 sqq.
689 2273 947 2320 Complexus
981 2272 1152 2319 reginae
1185 2282 1323 2319 genua
1356 2272 1417 2309 sic
1451 2282 1546 2309 eam
1582 2271 1737 2318 alloqui
1767 2271 1948 2319 Ulysses

388 2351 557 2398 incipit:

625 2424 770 2476 Ἀρήτη,
801 2424 973 2476 θύγατερ
999 2421 1232 2474 Ῥηξήνορος
1265 2421 1480 2473 ἀντιθέοιο,

622 2500 692 2538 σόν
724 2515 761 2538 τε
795 2500 910 2538 πόσιν
945 2500 993 2538 σά
1025 2514 1062 2538 τε
1096 2495 1269 2551 γούναθ’
1307 2498 1429 2537 ἱκάνω
1462 2497 1585 2537 πολλὰ
1617 2498 1807 2550 μογήσας,

621 2576 757 2614 τούσδε
791 2590 828 2613 τε
862 2576 1113 2625 δαιτύμονας,
1145 2578 1268 2613 τοῖσιν
1299 2572 1387 2612 θεοὶ
1421 2571 1533 2624 ὄλβια
1568 2573 1673 2611 δοῖεν

624 2651 821 2700 ζωέμεναι,
852 2649 916 2688 καὶ
949 2649 1084 2688 παισὶν
1117 2648 1332 2701 ἐπιτρέψειε
1364 2647 1554 2695 ,Ρέκαστος

623 2722 775 2774 κτήματ’
813 2724 868 2763 ε’νὶ
904 2725 1103 2777 μεγάροισι
1138 2724 1250 2777 γέρας
1281 2721 1337 2775 θ’,
1370 2723 1390 2762 ὅ
1421 2740 1456 2762 τι
1489 2725 1611 2774 δῆμος
1645 2724 1773 2762 ἔδωκε.

447 2801 700 2848 Corruptum
745 2802 845 2848 puto
889 2799 1086 2850 ζωέμεναι,
1118 2802 1216 2849 quia
1248 2801 1318 2839 ille
1351 2801 1526 2838 demum
1559 2802 1673 2838 recte
1707 2799 1944 2838 infinitivus

385 2876 654 2913 substantivo
693 2877 816 2923 quale
855 2879 921 2913 est
959 2875 1068 2927 ὄλβια
1109 2878 1312 2915 adhaeret
1340 2877 1408 2923 qui
1439 2887 1536 2914 cum
1564 2876 1877 2924 praepositione
1906 2874 1946 2913 ἐν

386 2952 647 2999 compositus
676 2954 752 2999 est,
783 2954 829 2989 ut
860 2953 936 2989 hoc
966 2953 1150 2990 dicatur:
1186 2963 1334 3000 „spero
1363 2952 1450 2989 fore
1475 2953 1518 2988 ut
1539 2951 1654 2989 hisce
1675 2952 1867 2989 convivis
1886 2951 1941 2989 dii
