2030 3439
880 851 1225 922 LIBER
1291 851 1377 921 X.

533 1147 583 1183 10
646 1151 803 1195 κνισῆεν
837 1143 878 1183 δέ
910 1160 945 1183 τε
979 1145 1089 1194 δῶμα
1122 1146 1467 1196 περιστεναχίζεται
1495 1145 1608 1200 αὐλῇ.

412 1222 477 1259 Sic
536 1222 637 1259 olim
695 1222 919 1260 edebatur:
974 1232 1051 1259 vos
1099 1222 1368 1270 ingeniosam
1414 1222 1644 1261 Duentzeri
1690 1222 1913 1270 recepistis

353 1297 641 1335 coniecturam
673 1294 985 1347 περιστειιαχίζετ’
1024 1295 1151 1352 ἀοιδῇ.
1187 1297 1300 1346 Quae
1335 1300 1448 1337 certe
1480 1299 1560 1337 hoc
1588 1298 1914 1337 commendatur

354 1374 606 1419 argumento
653 1374 763 1420 quod
811 1373 938 1411 verbo
985 1373 1327 1423 περιστεναχίζεται
1374 1374 1518 1412 nullus
1560 1375 1674 1412 recte
1717 1373 1914 1412 adiicitur

355 1449 525 1486 dativus
566 1450 649 1488 nisi
691 1451 727 1488 is
770 1461 851 1498 quo
893 1461 962 1488 res
1004 1449 1268 1498 significetur
1311 1461 1418 1498 quae
1459 1453 1508 1489 ut
1549 1451 1703 1489 domus
1744 1450 1916 1488 resonet

354 1524 520 1563 efficiat.
570 1525 744 1574 Tamen,
788 1526 888 1564 licet
929 1527 1136 1564 vitiosum
1179 1537 1273 1565 esse
1316 1525 1417 1579 αὐλῇ
1460 1527 1702 1575 concedam,
1747 1526 1850 1564 illud
1893 1536 1917 1563 a

355 1589 525 1639 vetusto
566 1603 692 1649 poeta
734 1603 942 1650 scriptum
986 1613 1080 1640 esse
1122 1603 1233 1650 quod
1274 1602 1541 1640 Duentzerus
1578 1602 1714 1640 voluit
1747 1602 1916 1639 credere

356 1687 438 1714 non
486 1687 674 1724 possum.
719 1678 912 1716 Primum
954 1679 1304 1726 gemiscendi
1347 1679 1527 1717 Verbum
1569 1689 1721 1727 parum
1765 1679 1914 1726 aptum

356 1753 524 1791 videtur
566 1754 690 1792 claris
732 1755 907 1793 vocibus
951 1756 1230 1793 convivarum
1272 1755 1384 1793 laete
1426 1757 1553 1803 atque
1596 1755 1789 1794 hilariter
1822 1764 1915 1793 can-

356 1831 555 1869 tantium.
599 1832 759 1870 Deinde
800 1837 958 1881 κνισῆεν
1001 1833 1061 1871 ita
1102 1833 1291 1880 positum
1335 1833 1401 1870 est
1432 1833 1492 1880 ut,
1525 1832 1626 1870 licet
1657 1831 1919 1870 substantivi

359 1906 469 1955 δῶμα
496 1908 553 1946 sit
580 1909 810 1957 epitheton,
839 1911 987 1947 tamen
1014 1909 1145 1946 simul
1169 1909 1300 1947 etiam
1320 1918 1417 1946 cum
1435 1908 1675 1946 sententiae
1694 1909 1921 1946 cohaereat

359 1984 499 2021 verbo.
534 1984 722 2022 Verbum
755 1995 853 2032 ergo
886 1986 1111 2032 exspectes
1144 1995 1224 2032 quo
1257 1995 1342 2023 non
1375 1984 1541 2022 sonitus
1574 1984 1740 2022 dicatur
1767 1983 1921 2031 aliquis

360 2060 433 2096 sed
476 2059 596 2097 nidor
638 2070 732 2098 esse
775 2061 886 2099 circa
928 2061 1105 2098 domum
1148 2061 1288 2098 carnis
1331 2060 1419 2108 igni
1456 2060 1696 2107 impositae.
1730 2059 1920 2106 Denique

361 2135 545 2181 graviori
586 2136 734 2174 morbo
781 2136 947 2175 laborat
988 2147 1139 2175 versus
1181 2147 1311 2184 quam
1353 2137 1425 2184 qui
1467 2146 1550 2174 uno
1582 2135 1788 2174 vocabulo
1821 2134 1922 2189 αὐλῇ

363 2212 530 2249 mutato
563 2213 705 2250 sanari
736 2213 884 2261 possit.

427 2364 480 2401 64
524 2373 613 2410 sqq.
652 2364 855 2412 Ulyssem
887 2366 939 2403 ad
971 2366 1092 2404 Aeoli
1124 2365 1312 2403 insulam
1344 2364 1487 2402 ventis
1518 2364 1726 2402 reiectum
1759 2363 1821 2401 sic
1853 2363 1924 2401 ille

367 2439 594 2487 alloquitur
608 2453 615 2479 :

546 2522 628 2563 πῶς
659 2510 793 2567 ἦλθες,
818 2514 1005 2564 Ὀδυσεῦς
1032 2516 1087 2563 τίς
1118 2531 1176 2555 τοι
1207 2515 1326 2562 κακὸς
1359 2514 1468 2567 ἔχραε
1500 2514 1674 2565 δαίμων;

548 2585 572 2641 ἦ
605 2590 674 2641 μέν
708 2588 741 2629 σ’
780 2590 970 2638 ἐνδυκέως
1003 2590 1294 2642 ἀπεπέμπομεν,
1326 2587 1418 2641 ὄφρ’
1454 2589 1614 2639 ἀφίκοιο

548 2667 715 2718 πατρίδα
748 2666 822 2716 σὴν
854 2666 918 2704 καὶ
952 2667 1062 2717 δῶμα
1094 2666 1159 2705 καὶ
1192 2667 1231 2705 εἴ
1254 2667 1332 2705 πού
1366 2665 1493 2712 (ποθί)
1525 2680 1583 2704 τοι
1616 2665 1733 2714 φίλον
1766 2664 1836 2715 εἴη.

431 2743 662 2791 Corruptus
699 2745 763 2781 est
795 2744 974 2781 ultimus
1007 2754 1179 2790 versus;
1213 2753 1315 2780 nam
1348 2752 1454 2790 quae
1486 2741 1702 2780 sententia
1733 2740 1825 2778 sola
1857 2739 1926 2777 hic

369 2820 469 2858 ferri
500 2820 656 2867 possit:
696 2821 768 2867 „ut
800 2820 968 2857 venires
1001 2820 1043 2857 in
1075 2820 1260 2867 patriam
1290 2820 1424 2866 tuam,
1455 2818 1715 2864 domumque
1742 2817 1783 2854 et
1810 2815 1924 2863 quid-

372 2895 469 2943 quid
510 2895 597 2933 illic
638 2895 714 2933 tibi
757 2905 903 2933 carum
946 2896 1053 2944 est,''
1098 2905 1148 2933 ea
1189 2905 1210 2932 e
1253 2894 1394 2932 verbis
1435 2893 1605 2931 traditis
1638 2892 1732 2931 elici
1764 2891 1923 2940 nequit,

2020 1532 2030 1678 Aa*
2020 1416 2030 1525 ,ΛΑ-μ
2027 1395 2030 1400 .
