2030 3439
825 399 877 436 37

67 523 245 561 ludibrio
287 522 415 561 habet
457 523 667 569 Euryalus
710 527 751 560 vt
798 534 904 570 „non
951 524 1080 561 miror
1123 528 1163 562 tc
1205 526 1423 562 nobiscum
1460 532 1620 562 cornu-‹-

69 597 202 645 nolle;
236 608 319 636 non
353 598 467 636 enim
500 598 656 636 similis
689 609 735 636 es
768 599 858 637 viro
892 600 933 636 in
967 601 1271 638 certaminibus
1307 601 1517 638 vei-sawt·

362 671 458 711 ἀλλὰ
490 679 555 726 τῷ,
586 672 627 718 ὃς
658 669 696 710 θ’
735 672 814 722 ἅμα
846 672 912 723 νηὶ
943 674 1174 723 πολυκλήιδι
1206 675 1397 724 θαμίζων,

365 746 479 799 ἀρχὸς
511 747 695 786 ναυτάων
727 747 770 787 οἵ
794 763 831 786 τε
864 755 1081 799 πρηκτῆρες
1113 748 1216 797 ἔωσι,

364 822 513 873 φόρτου
546 837 583 861 τε
615 822 780 873 μνήμων
813 821 878 861 καὶ
911 822 1120 870 ἐπίσκοπος
1153 820 1250 863 εἶσιν
1282 822 1428 863 ὁδαίων

363 896 531 949 κερδέων
563 894 602 936 θ’
639 896 852 948 ἁρπαλέων.

128 976 295 1014 Sanane
342 975 446 1012 haec
493 974 686 1022 putatis?
730 974 828 1011 Mihi
867 975 1186 1022 corruptissima
1235 975 1442 1013 videntur.
1489 975 1621 1023 Quan-

68 1053 210 1100 topere
252 1051 367 1089 enim
410 1049 615 1098 impedita
656 1050 787 1087 totius
820 1049 1059 1087 sententiae
1091 1051 1306 1088 structura
1339 1050 1537 1088 abhorret
1569 1051 1619 1087 ab

67 1127 174 1175 epici
200 1125 412 1164 sermonis
439 1124 728 1172 simplicitate.
758 1124 838 1162 Ubi
867 1126 932 1162 est
959 1125 1222 1172 pronominis
1241 1124 1282 1170 ὅς
1299 1125 1621 1173 praedicatum?

69 1202 136 1240 An
178 1202 221 1240 in
262 1196 359 1240 εἶσιν
400 1201 524 1249 inest,
570 1202 617 1238 ut
658 1201 897 1237 sententiae
940 1200 1143 1238 relativae
1180 1201 1367 1249 verbum,
1403 1201 1622 1238 interiecta

66 1278 150 1316 alia
205 1277 420 1315 sententia
465 1276 658 1324 relativa,
708 1276 796 1313 tres
842 1275 928 1313 fere
976 1285 1126 1313 versus
1173 1275 1284 1313 absit
1332 1286 1356 1313 a
1403 1275 1624 1313 subiecto?

67 1352 172 1402 Quid
205 1353 354 1390 deinde
387 1353 453 1390 est
484 1350 666 1400 θαμίζειν
696 1349 776 1399 ἅμα
804 1350 899 1399 νηΐὶ)
928 1350 1035 1387 Nam
1065 1351 1205 1397 ipsum
1236 1349 1413 1399 θαμίζειν
1442 1349 1622 1387 verbum

66 1428 301 1477 significat:
340 1429 609 1477 „frequenter
642 1427 781 1474 aliquo
811 1427 996 1464 venire.‘’
1027 1427 1107 1464 Sed
1135 1427 1279 1464 omnia
1306 1427 1393 1464 fere
1420 1425 1626 1464 vocabula

3 1559 8 1563 ι
66 1506 140 1543 aut
195 1504 501 1543 obscurissima
549 1505 651 1541 sunt
698 1504 772 1541 aut
818 1502 1099 1550 ineptissima.
1151 1501 1411 1549 Quapropter
1460 1500 1622 1538 nullam

65 1591 250 1629 propono
292 1580 638 1619 emendationem
680 1579 753 1617 sed
791 1588 925 1626 pauca
958 1577 1166 1624 quaedam
1201 1587 1331 1624 eaque
1364 1576 1624 1624 gravissima

66 1657 176 1695 vitia
208 1656 421 1695 indicasse
453 1657 522 1694 sat
554 1655 701 1693 habeo.

184 1809 267 1846 208
330 1808 453 1854 ξεῖνος
484 1806 557 1858 γάρ
590 1821 656 1857 μοι
689 1803 751 1844 ὅδ’
788 1805 874 1844 ἔστι·
908 1804 963 1851 τίς
996 1802 1045 1841 ἂν
1078 1801 1249 1853 φιλέοντι
1281 1802 1461 1852 μάχοιτος

121 1884 238 1922 Haeo
268 1894 347 1923 vos
382 1884 445 1922 sio
476 1882 686 1931 refingitis

331 1960 455 2006 ξεῖνος
487 1958 560 2010 γάρ
595 1972 660 2007 μοι
693 1957 768 1995 ὅδε·
803 1957 858 2002 τίς
890 1970 956 1994 κεν
989 1954 1161 2004 φιλέοντι
1195 1954 1374 2004 μάχοιτος

65 2035 228 2074 scilicet
267 2037 316 2074 ut
356 2035 565 2084 particula
607 2032 655 2071 ἄν
699 2034 874 2072 tollatur
917 2033 1091 2078 eiusque
1133 2031 1273 2068 locum
1317 2042 1383 2066 κεν
1417 2038 1621 2076 occupare

66 2111 214 2160 possit.
244 2111 324 2149 Sed
352 2111 450 2158 quid
477 2110 649 2158 prodest
675 2109 946 2147 levissimum
975 2106 1143 2153 aliquod
1170 2114 1389 2142 removere
1417 2103 1622 2141 mendum

67 2197 166 2225 cum
197 2188 289 2225 tota
315 2187 463 2234 oratio,
493 2196 575 2234 qua
602 2185 783 2232 Ulysses
810 2183 936 2220 vietis
964 2183 1006 2219 in
1034 2181 1137 2219 disci
1166 2179 1398 2218 certamine
1427 2178 1625 2216 omnibus

67 2263 421 2311 Phaeacensibus,
466 2261 769 2310 gloriabundus
817 2258 1122 2297 admirantium
1172 2255 1341 2293 turbam
1384 2254 1624 2302 alloquitur,

67 2339 193 2387 plena
223 2340 281 2377 sit
312 2339 603 2387 ineptiarum?
637 2336 749 2375 Nihil
781 2345 880 2373 vero
908 2334 951 2371 in
980 2333 1051 2370 illa
1079 2332 1222 2369 minus
1250 2330 1471 2368 serendum
1500 2339 1629 2376 quam

70 2425 275 2454 versuum
307 2415 379 2462 qui
411 2414 563 2453 statim
595 2413 833 2460 sequuntur

307 2487 447 2542 ἄφρων
480 2487 528 2538 δὴ
561 2487 689 2533 κεῖνός
721 2500 763 2538 γε
793 2483 858 2523 καὶ
891 2481 1098 2528 οὐτιδανὸς
1130 2477 1252 2519 πέλετ’
1291 2478 1405 2530 ἀνὴρ,

308 2564 349 2612 ὅς
381 2579 437 2612 τις
469 2562 680 2618 ξεινοδόκῳ
713 2561 821 2613 ἔριδα
852 2556 1096 2611 προφέρηται
1128 2554 1284 2594 ἀέθλων

307 2639 418 2694 δήμῳ
444 2638 492 2678 ’ἓν
525 2637 746 2691 ἀλλοδαπῷ·
779 2634 850 2674 ,ἰ-’έο
884 2631 922 2673 δ’
958 2629 1081 2671 αὐτοῦ
1114 2631 1241 2669 πάντα
1272 2630 1429 2668 κολούει

67 2716 340 2754 abundantia.
370 2715 471 2754 Mihi
499 2714 670 2762 credite,
691 2713 810 2751 illam
829 2710 1066 2749 orationem
1084 2708 1154 2755 qui
1173 2707 1293 2745 iratis
1312 2704 1628 2744 consarcinavit

66 2791 211 2840 Musis,
244 2791 554 2839 particularum
586 2803 628 2827 κε
656 2790 699 2827 et
727 2785 776 2825 ἄν
801 2788 898 2825 utra
925 2783 1138 2830 antiquior
1165 2783 1279 2820 esset
1306 2790 1442 2827 neque
1470 2778 1631 2817 sciebat

67 2876 204 2915 neque
237 2866 428 2905 curabat.
