2030 3439
906 360 960 396 89

213 480 418 528 Equidem
447 482 514 520 hic
541 480 730 531 ἐκφόρεον
757 485 895 532 legere
924 487 1073 524 malim
1101 497 1229 533 quam
1256 484 1456 535 ἐσφόρεον.
1475 488 1704 534 Postquam

154 555 269 594 enim
315 559 594 595 surrexerunt
640 558 820 605 Ulysses
866 559 1062 608 filiusque
1105 562 1183 599 hoc
1225 561 1408 609 primum
1454 563 1519 599 est
1560 563 1606 599 ut
1643 573 1705 599 ex

154 631 424 680 conclavi,
480 632 549 670 ubi
596 633 814 681 hucusque
866 636 1075 684 sederant,
1127 647 1246 674 arma
1294 637 1500 674 auferant.
1552 637 1705 675 Statim

153 708 299 745 autem
332 707 428 745 inde
460 708 645 755 egressis
678 708 866 748 Minerva
898 712 1073 758 apparet
1105 721 1202 749 cum
1239 711 1412 749 lumine.

212 833 267 871 44
295 843 356 881 sq.
387 833 624 873 Translatis
652 836 785 874 armis
812 836 1002 875 cubitum
1031 837 1090 876 ire
1117 837 1422 876 Telemachum
1451 838 1565 876 iubet
1589 840 1708 886 pater

152 908 374 957 additque:

711 984 784 1038 ἐγὼ
817 983 853 1025 δ’
888 985 1154 1038 ὑπολείψομαι
1187 982 1286 1026 αὖθι

329 1058 434 1110 ὄφρα
466 1057 494 1098 κ’
533 1059 585 1099 ἔτι
617 1060 749 1116 δμῳὰς
779 1060 844 1100 καὶ
877 1061 1022 1112 μητέρα
1054 1062 1127 1112 σὴν
1163 1061 1334 1113 ἐρεθίζω.

212 1136 464 1185 Quamnam,
510 1137 695 1186 obsecro,
731 1138 799 1177 hic
831 1139 920 1177 vim
954 1139 1082 1177 habet
1115 1139 1292 1178 verbum
1327 1137 1518 1189 ἐρεθίζωῑ)
1547 1140 1709 1177 Dixerit

149 1212 302 1259 aliquis
350 1212 532 1260 experiri
574 1213 684 1251 velle
729 1213 932 1261 Ulyssem
975 1225 1187 1262 quaenam
1220 1215 1400 1252 ancillae
1434 1214 1475 1252 in
1510 1214 1589 1252 fide
1621 1225 1706 1262 per-

148 1287 338 1325 stiterint
385 1289 425 1325 et
473 1298 580 1334 quae
623 1298 719 1326 cum
768 1289 906 1336 procis
953 1290 1124 1328 faciant.
1169 1290 1308 1337 Atque
1351 1290 1429 1327 hoc
1474 1290 1543 1327 illo
1582 1289 1708 1327 verbo

150 1364 364 1410 utcunque
411 1362 639 1410 significari
674 1366 827 1412 potest.
863 1365 943 1402 Sed
976 1365 1159 1403 alterum
1193 1365 1355 1403 accedit
1393 1365 1605 1403 obiectum
1638 1380 1708 1413 μψ

150 1435 238 1487 τέρα
270 1436 366 1486 σήν;
396 1438 446 1476 de
478 1438 605 1476 huius
637 1440 784 1477 autem
816 1438 897 1478 fide
929 1451 1013 1478 non
1047 1441 1212 1478 dubitat
1244 1440 1436 1488 Ulysses.
1472 1441 1709 1478 Absurdius

151 1513 297 1550 autem
329 1513 386 1551 sit
417 1512 536 1551 illam
568 1513 782 1562 simulque
815 1515 992 1554 ancillas
1025 1516 1258 1554 irritare
1290 1515 1411 1554 velle.

211 1639 278 1677 60.
313 1639 441 1677 Venit
473 1650 572 1688 ergo
604 1641 813 1689 Penelope
847 1643 889 1680 et
922 1652 1019 1680 cum
1051 1643 1207 1681 marito
1240 1644 1412 1681 assidit:

475 1708 604 1764 ἦλθον
636 1713 678 1753 δὲ
711 1715 837 1770 δμῳαὶ
869 1717 1098 1755 λευκώλενοι
1131 1716 1170 1755 ἐκ
1204 1718 1385 1768 μεγάροιο

153 1787 193 1827 ἐκ
239 1789 421 1840 μεγάροιο
468 1791 674 1829 nimirum
722 1803 776 1830 ex
823 1793 1014 1841 ipsarum
1062 1793 1264 1841 conclavi,
1318 1793 1386 1831 ubi
1440 1794 1540 1831 dum
1590 1803 1710 1830 arma

151 1865 437 1904 transferebat
483 1866 765 1906 Telemachus
812 1869 1078 1907 concluserat
1125 1879 1197 1906 eas
1243 1869 1448 1915 Euryclea
1496 1868 1708 1918 (μεγάροισι

151 1951 214 1979 VS.
253 1942 304 1979 16
339 1942 381 1979 et
412 1940 591 1992 μεγάρων
625 1952 688 1981 vs.
724 1944 779 1981 30
812 1943 855 1981 in
882 1943 1047 1991 plurali)

212 2077 279 2115 68.
328 2076 439 2114 Dum
487 2078 666 2116 ancillae
704 2089 879 2117 mensas
921 2082 1156 2117 exonerant
1198 2082 1239 2117 et
1281 2079 1480 2117 conclave
1519 2078 1709 2116 virorum

153 2153 336 2199 purgant
378 2153 586 2202 sordibus,
621 2154 843 2192 sedentem
875 2154 959 2191 illic
993 2155 1124 2192 etiam
1156 2155 1302 2192 vident
1334 2155 1548 2201 Ulyssem,
1583 2163 1709 2200 quem

153 2227 394 2265 maledictis
428 2228 660 2276 corripiunt
692 2230 734 2267 et
766 2229 827 2267 sic
860 2230 1069 2267 facessere
1102 2229 1269 2267 iubent:

418 2298 494 2340 ἀλλ’
530 2301 661 2349 ἔξελθε
693 2304 854 2354 θύραζε,
886 2303 1017 2353 τάλαν,
1049 2302 1113 2341 καὶ
1146 2303 1275 2349 δαιτὸς
1309 2301 1440 2352 ὄνησο.

153 2378 283 2417 Estne
329 2379 557 2418 verborum
598 2376 664 2416 καὶ
706 2377 836 2424 δαιτὸς
869 2376 989 2428 ὄνησο
1022 2379 1090 2417 hio
1122 2389 1296 2417 sensus:
1335 2380 1414 2426 „et,
1449 2388 1546 2415 cum
1582 2377 1711 2425 largis

154 2454 290 2502 epulis
316 2454 376 2492 sis
403 2454 540 2492 fartus
567 2454 686 2493 molli
714 2465 826 2493 nunc
853 2455 990 2492 fruere
1018 2455 1197 2491 somno”
1217 2464 1270 2491 an
1289 2453 1381 2491 vitii
1399 2453 1556 2500 aliquid
1576 2453 1679 2490 latet
1692 2453 1711 2489 ἱ)

215 2590 265 2627 81
297 2599 387 2637 sqq.
417 2589 485 2628 Ira
511 2590 712 2628 incensus
736 2589 914 2637 Ulysses
933 2590 975 2626 et
993 2589 1075 2626 alia
1092 2588 1338 2636 procacibus
1357 2587 1522 2625 ancillis
1543 2597 1709 2634 respon-

157 2664 227 2702 det
254 2665 296 2702 et
323 2674 381 2713 se,
411 2664 482 2712 qui
509 2675 621 2703 nunc
648 2665 811 2703 victum
830 2664 1062 2702 mendicari
1081 2663 1242 2711 debeat,
1264 2663 1366 2701 olim
1384 2662 1515 2699 fuisse
1535 2661 1710 2698 divitem

157 2739 476 2787 multorumque
509 2740 731 2778 dominum
764 2749 999 2777 servorum.
1034 2738 1113 2776 His
1146 2739 1224 2776 hoc
1257 2737 1400 2775 adiicit
1434 2736 1680 2774 consilium:

394 2821 444 2869 τῷ
478 2821 552 2853 νῦν
585 2814 637 2865 μή
671 2829 761 2853 ποτε
793 2813 855 2852 καὶ
890 2814 951 2863 σὺ,
983 2814 1112 2865 γύναι,
1144 2811 1220 2851 ἀπὸ
1252 2819 1382 2850 πᾶσαν
1415 2807 1570 2863 ὀλέσσῃς

394 2888 573 2941 ἀγλαΐην,
604 2897 648 2944 τῇ
680 2895 755 2928 νῦν
787 2904 827 2941 γε
859 2887 951 2939 μετὰ
984 2889 1134 2943 δμῳῇσι
1166 2886 1361 2935 κέκασσαι,
