2030 3439
1079 393 1133 432 68

386 524 490 561 Mira
530 522 598 559 hic
640 531 707 559 res
749 521 967 558 narratur:
1001 519 1152 566 sponte
1185 518 1236 556 ad
1269 518 1467 556 Piraeum
1500 519 1726 566 imperium
1761 519 1885 556 navis

326 599 508 637 transire
540 599 709 645 propter
741 594 984 633 Telemachi
1017 594 1271 632 absentiam.
1299 594 1410 631 Nam
1437 594 1489 632 ad
1516 594 1728 643 Piraeum,
1757 604 1884 641 quan·
1937 597 1941 601 “

327 674 552 721 cloquidem
595 673 685 709 cius
728 671 900 708 fuerunt
941 669 1096 707 ultima
1137 669 1277 718 verba,
1322 669 1543 707 referenda
1584 671 1686 707 sunt
1717 670 1802 707 ista
1833 663 1885 715 ὧς

323 749 487 797 ἔειπών,
519 758 655 795 neque
688 745 970 784 Telemachus
1002 754 1096 782 esse
1129 745 1271 792 potest
1302 744 1373 783 ille
1406 745 1456 783 de
1488 755 1569 792 quo
1602 745 1808 792 legimus:

827 819 889 858 ἐπὶ
920 819 1016 870 νηὸς
1048 819 1131 871 ἔβη,
1163 817 1335 858 ἐκέλευσε
1369 816 1405 859 δ’
1440 818 1617 871 ἑταίρους

618 897 762 943 αὐτούς
794 892 826 934 τ’
863 894 1071 946 ἀμβαίνειν
1102 894 1174 933 κτὲ.

383 974 665 1012 Telemachus
698 973 813 1011 enim
847 972 1149 1010 convenienter
1180 972 1253 1020 rei,
1288 982 1418 1019 quam
1445 972 1489 1009 in
1516 972 1660 1010 animo
1688 972 1883 1021 habebat,

324 1052 413 1098 ipse
441 1051 484 1088 in
511 1051 624 1088 terra
651 1058 879 1087 remanens
905 1048 1085 1086 comites
1114 1048 1175 1086 sic
1202 1048 1327 1086 modo
1353 1049 1450 1093 (503
1470 1051 1546 1096 sq.)
1567 1049 1633 1086 est
1650 1048 1883 1086 allocutus:

559 1119 653 1174 ὗμες
685 1121 755 1174 μὲν
786 1129 862 1161 νῦν
894 1119 1059 1161 ,Ράστυδ’
1098 1121 1276 1161 ἐλαύνετε
1308 1128 1386 1173 νῆα
1418 1121 1619 1173 μέλαιναν,

558 1199 681 1251 αὐτὰρ
716 1198 814 1251 ἐγὼν
848 1198 993 1251 ἀγροὺς
1027 1197 1243 1249 ἐπιόψομαι
1276 1196 1346 1249 ἠδὲ
1378 1200 1558 1250 βοτῆρας.

380 1277 546 1315 Dixerit
587 1277 741 1324 aliquis
783 1277 931 1314 tamen
970 1277 1011 1314 et
1043 1276 1350 1314 Telemachum
1383 1275 1681 1314 conscendisse
1713 1285 1882 1324 navem,

321 1353 431 1389 unde
474 1348 540 1388 ἀπ’
589 1350 763 1401 ἰκριόφιν
806 1354 882 1396 (vs.
928 1352 1026 1396 552)
1070 1351 1244 1389 hastam
1285 1352 1488 1389 sumeret.
1522 1351 1580 1389 At
1610 1334 1757 1389 facere*
1782 1351 1884 1389 illud

321 1429 503 1465 fortasse
536 1427 674 1475 potuit
706 1428 748 1464 in
780 1427 903 1465 litore
936 1428 1080 1474 stans3
1114 1437 1199 1465 non
1232 1427 1359 1475 enim,
1389 1428 1437 1464 ut
1464 1426 1623 1475 opinor,
1653 1427 1884 1465 admodum

322 1503 457 1540 altum
500 1503 691 1540 latumve
724 1502 804 1540 fuit
836 1502 1080 1550 navigium:
1114 1503 1336 1550 praeterea
1367 1512 1452 1540 non
1484 1502 1669 1550 legimus
1702 1512 1801 1539 eum
1834 1502 1884 1540 de

321 1589 429 1615 nave
477 1579 747 1616 descendisse
793 1578 1045 1626 priusquam
1093 1578 1273 1616 comites
1320 1575 1509 1616 ἀνέωσαν.
1560 1578 1652 1626 Sed,
1702 1579 1750 1616 ut
1796 1578 1884 1616 iam

320 1653 523 1702 dicebam,
569 1655 685 1692 totus
727 1654 845 1692 locus
889 1655 1119 1693 547—557
1165 1654 1463 1702 ineptissimus
1506 1655 1584 1702 est,
1630 1653 1883 1701 additusque

320 1729 370 1766 ab
413 1740 461 1767 eo
494 1730 661 1767 videtur
694 1730 764 1776 qui
797 1730 868 1767 illo
902 1729 1040 1768 Piraei
1072 1740 1276 1777 responso
1310 1731 1406 1777 apte
1440 1729 1579 1768 claudi
1609 1729 1767 1767 librum
1798 1740 1883 1767 non

318 1806 498 1852 putaret.
542 1806 655 1842 Nihil
699 1807 845 1843 tamen
889 1805 1103 1843 desiderat
1144 1806 1277 1844 lector
1318 1806 1503 1854 prudens
1535 1805 1606 1843 ubi
1639 1804 1884 1843 Telemachi

318 1882 368 1918 ad
412 1881 591 1919 comites
632 1881 763 1919 verba
806 1882 903 1925 (503
948 1884 1025 1929 sq.)
1069 1881 1245 1930 audivit,
1285 1883 1328 1920 et
1359 1883 1581 1930 praeterea
1612 1882 1719 1919 bene
1752 1881 1881 1919 Theo-

318 1956 514 2002 clymeno
557 1958 831 2004 prospectum
874 1958 1084 2004 cognovit.
1129 1958 1189 1996 Ea
1231 1969 1338 2005 quae
1380 1969 1515 2005 usque
1553 1958 1604 1996 ad
1637 1957 1882 1996 Telemachi

318 2031 360 2068 in
403 2032 578 2070 Eumaei
612 2032 829 2070 stabulum
867 2033 1102 2070 adventum
1136 2035 1177 2077 (π
1205 2034 1244 2078 4)
1274 2034 1543 2072 intercedunt
1570 2033 1685 2071 nullo
1712 2033 1882 2081 negotio

319 2107 541 2153 cogitando
575 2107 754 2154 supplet.

2023 1602 2030 1674 --.i-
2026 1579 2030 1590 ,
2028 1559 2030 1565 Δ
2028 1539 2030 1547 -
