2030 3439
579 985 925 1058 LIBER
989 987 1300 1060 XVIII.

226 1290 279 1328 47
316 1290 358 1327 et
391 1291 459 1328 65.
491 1289 726 1337 Diligenter
757 1291 960 1328 annotare
993 1290 1140 1329 soletis
1167 1291 1203 1328 si
1233 1291 1302 1338 qui
1330 1302 1480 1330 versus
1508 1293 1574 1330 vel
1602 1295 1717 1331 totus

167 1366 234 1403 vel
275 1376 374 1414 pars
416 1366 508 1404 eius
545 1366 645 1404 alibi
676 1367 866 1414 recurrit,
902 1368 1026 1414 atque
1059 1376 1315 1414 magnopere
1348 1367 1420 1405 illa
1452 1377 1494 1405 re
1522 1368 1719 1406 editionis

167 1443 336 1479 vestrae
378 1441 611 1480 utilitatem
653 1442 849 1480 auxistis.
893 1442 965 1479 Bis
1007 1443 1152 1480 tamen
1189 1442 1231 1479 in
1264 1442 1342 1480 hoc
1374 1443 1478 1480 libro
1511 1444 1718 1481 eiusmodi

167 1517 490 1556 annotationem
521 1517 731 1556 omisistis
763 1517 830 1555 ubi
865 1517 975 1555 haud
1008 1518 1127 1565 parvi
1160 1518 1312 1555 fuisset
1348 1519 1569 1556 momenti.
1599 1520 1719 1557 Alter

165 1594 284 1633 locus
326 1595 392 1632 est
427 1593 498 1631 ubi
535 1593 748 1632 Antinous
780 1595 970 1641 praemia
1002 1594 1195 1641 proponit
1229 1594 1312 1631 iam
1349 1594 1434 1631 iam
1467 1596 1717 1642 pugnaturis

166 1669 233 1707 Iro
265 1670 392 1716 atque
422 1668 571 1717 Ulyssi
603 1669 670 1707 his
702 1669 842 1707 verbis
876 1671 944 1714 1444
975 1672 1104 1716 sqq.):

402 1742 579 1796 γαστέρες
611 1741 688 1782 αἵδ’
725 1744 847 1796 αἰγῶν
879 1741 984 1782 κέατ’
1022 1742 1062 1782 ἐν
1093 1743 1200 1793 πυρὶῖ
1231 1743 1296 1790 τὰς
1329 1742 1390 1781 ἐπὶ
1421 1744 1552 1799 δόρπῳ

400 1817 628 1870 κατθέμεθα
659 1819 795 1870 κνίσης
827 1834 863 1857 τε
895 1818 959 1857 καὶ
992 1819 1152 1869 αἵματος
1186 1818 1457 1868 ἐμπλήσαντες.

401 1892 614 1946 ὁππότερος
647 1893 688 1933 δέ
718 1909 759 1933 κε
791 1895 931 1949 νικήσῃ
962 1895 1149 1945 κρείσσων
1180 1910 1217 1933 τε
1248 1894 1416 1946 γένηται,

400 1969 504 2008 τάων
535 1969 586 2020 ἥν
615 1967 652 2008 κ’
689 1968 870 2023 ἐθέλῃσιν
901 1969 1070 2016 ἀναστὰς
1102 1970 1219 2016 αὐτὸς
1250 1969 1407 2008 ἑλέσθω.

223 2046 414 2084 Ultimus
446 2049 592 2085 autem
626 2057 774 2084 versus
801 2047 911 2085 haud
940 2047 1063 2085 dubie
1091 2047 1228 2084 factus
1257 2049 1319 2084 est
1349 2047 1398 2084 ad
1429 2046 1711 2083 imitationem

165 2122 256 2160 eius
288 2123 359 2169 qui
390 2122 435 2160 in
466 2122 596 2160 Iliade
628 2122 783 2169 legitur
815 2122 833 2159 Ι
871 2123 974 2160 146:

401 2199 499 2248 τρεῖς
532 2194 574 2235 δέ
603 2197 672 2247 μοί
701 2197 772 2235 εἰσι
803 2197 996 2248 θύγατρες
1029 2195 1085 2234 ἐνὶ
1117 2196 1270 2251 μεγάρῳ
1303 2195 1344 2235 ἐὺ
1377 2202 1522 2248 πηκτῷ,

402 2271 654 2323 Χρυσόθεμις
685 2270 750 2310 καὶ
781 2272 962 2322 Λαοδίκη
994 2270 1058 2309 καὶ
1090 2271 1379 2320 Γιφιάῗάνασσα·

401 2347 534 2386 τάων
575 2346 636 2398 ἥν
677 2344 710 2385 κ’
758 2345 971 2401 ἐθέλῃσι
1004 2347 1122 2396 φίλην
1155 2344 1370 2384 ἀνέῐεὸνον
1401 2344 1567 2397 ἀγέσθω.

224 2424 344 2462 Alter
370 2423 495 2472 paulo
522 2425 619 2472 post
644 2423 821 2471 legitur:
848 2423 933 2461 illio
960 2423 1241 2461 Telemachus
1268 2422 1470 2470 Ulyssem
1492 2422 1716 2460 confirmat

165 2500 432 2537 metuentem
464 2509 517 2537 ne
548 2499 643 2547 quis
675 2508 899 2547 procorum
930 2498 997 2536 Iro
1029 2508 1153 2546 opem
1185 2498 1242 2535 sit
1272 2497 1437 2536 laturus
1470 2499 1536 2542 (61
1571 2500 1699 2544 sqq.):

404 2569 508 2624 ξεῖν’,
537 2573 576 2612 εἴ
601 2570 634 2611 σ’
671 2571 823 2623 ὀτρύνει
854 2572 995 2623 κραδίη
1027 2570 1091 2610 καὶ
1123 2571 1253 2621 θυμὸς
1286 2570 1441 2623 ἀγήνωρ

403 2655 543 2689 τοῦτον
574 2648 800 2698 ἀλέξασθαι,
829 2654 905 2686 τῶν
938 2644 973 2685 δ’
1010 2646 1135 2686 ἄλλων
1167 2647 1219 2697 μή
1251 2644 1321 2685 τιν’
1361 2650 1518 2698 Ἀχαιῶν

406 2721 580 2763 dssdfao'·
612 2723 693 2763 ἐπεὶ
722 2723 923 2762 πλεόνεσσι
955 2721 1190 2773 μαχέσσεται,
1223 2722 1262 2769 ὃς
1293 2721 1336 2760 κέ
1367 2734 1406 2760 σε
1440 2722 1565 2776 θείνῃ.

404 2800 625 2848 ξεινοδόκος
657 2797 726 2851 μὲν
755 2798 866 2852 ἐγὼν,
896 2797 958 2837 ἐπὶ
989 2795 1023 2836 δ’
1060 2797 1232 2837 αἰνέετον
1263 2799 1422 2849 βασιλῆε

404 2875 595 2922 Ἀντίνοός
626 2891 663 2914 τε
693 2874 759 2914 καὶ
794 2874 1040 2926 Εὐρύμαχος,
1070 2871 1302 2923 πεπνυμένω
1335 2871 1463 2923 ἄμφω.
