2030 3439
1100 364 1155 405 50

350 509 434 538 uno
466 494 491 548 ἢ
522 494 614 542 ἁλὸς
645 491 670 545 ἢ
701 491 764 532 ἐπὶ
794 497 864 544 γῆς
896 489 1185 530 haereamus?
1218 487 1335 537 Quod
1365 487 1490 526 facile
1521 485 1761 526 defenditur
1791 484 1906 524 notis

351 572 582 621 exemplis:

821 639 969 691 ὤφελέν
1003 636 1037 678 σ’
1076 634 1105 678 ὦ
1139 636 1260 688 τυφλὲ
1293 640 1446 676 Πλοῦτε

820 717 912 768 μήτε
943 722 992 771 γῇ
1025 711 1112 765 μήτ’
1150 713 1192 753 ἓν
1224 713 1406 767 θαλάσσῃ

819 789 905 843 μήτ’
943 790 983 830 έν
1017 789 1162 845 ἠπείρῳ
1195 795 1374 840 φανῆναι

349 877 413 913 et:
595 869 645 916 ὡς
676 868 746 920 χρὴ
782 866 991 919 Μεγαρέας
1024 866 1118 916 μήτε
1150 872 1200 920 γῇ
1233 861 1325 916 μήτ’
1361 863 1402 903 ἐν
1435 862 1558 918 ἀγορᾷ
1590 861 1663 901 κτὲ.

410 1024 463 1061 50
505 1032 594 1068 sqq.
638 1019 771 1069 „Cum
804 1018 1001 1055 Sirenum
1034 1016 1198 1054 insulae
1231 1014 1663 1064 appropinquaveris''
1698 1013 1816 1051 Circe
1848 1012 1908 1050 ait

355 1098 560 1146 „comites
593 1096 682 1133 tui”

586 1170 789 1220 δησάντων
823 1164 858 1205 σ’
896 1165 936 1205 ἐν
972 1165 1036 1217 νηὶ
1070 1170 1151 1220 θοῇ
1183 1165 1311 1217 χεῖράς
1344 1180 1381 1203 τε
1413 1164 1539 1211 πόδας
1570 1179 1608 1203 τε

585 1244 709 1297 ὀρθὸν
743 1243 782 1282 έν
816 1241 1013 1297 ἱστοπέδῃ,
1045 1240 1085 1280 ἐκ
1120 1238 1156 1280 δ’
1194 1241 1317 1281 αὐτοῦ
1350 1237 1499 1292 πείρατ’
1537 1239 1726 1291 ἀνήφθω,

584 1320 687 1372 ὄφρα
719 1335 761 1359 κε
792 1319 1025 1370 τερπόμενος
1057 1314 1154 1356 fow'
1193 1316 1340 1372 ἀκούῃς
1372 1318 1611 1368 Σειρήνοιιν.

352 1398 482 1450 ψυχρὰ
525 1396 608 1448 μέν,
649 1392 770 1447 οἶμαι,
811 1394 988 1451 τέρψιςῐῗ
1013 1395 1118 1443 Quid
1156 1395 1304 1433 enlm?
1337 1395 1507 1433 Sirenes
1540 1394 1683 1433 audiet
1713 1393 1907 1442 UlySSOS‚

352 1476 425 1514 sed
471 1475 584 1513 malo
634 1474 846 1521 alligatus,
896 1472 1068 1520 propius
1111 1471 1339 1509 accedendi
1380 1471 1588 1509 desiderio
1629 1469 1908 1518 torquebitur,

351 1552 425 1590 sed
459 1561 555 1589 cum
588 1560 745 1588 navem
779 1559 826 1587 eo
860 1547 984 1595 dirigi
1015 1547 1190 1585 iusserit
1222 1546 1450 1584 artioribus
1478 1546 1794 1593 constringetur
1821 1545 1909 1582 vin-

351 1627 469 1665 culis,
499 1626 679 1674 Corpore
707 1635 805 1672 ergo
835 1625 877 1662 et
904 1623 1047 1661 animo
1074 1622 1188 1660 male
1217 1622 1255 1660 ei
1283 1623 1363 1660 erit
1381 1624 1423 1661 et
1439 1624 1586 1660 tamen
1604 1622 1684 1661 hoc
1701 1619 1911 1672 τέρπεσθαι

349 1703 606 1751 appellatur!
650 1700 857 1748 Equidem
898 1710 972 1747 pro
1014 1697 1248 1748 τερπόμενος
1291 1698 1450 1746 aliquid
1490 1698 1719 1746 legendum
1757 1707 1909 1736 censeo

349 1779 459 1826 quod
492 1776 724 1826 significet:
763 1775 880 1824 „sine
913 1776 986 1812 tuo
1020 1774 1313 1821 comitumque
1345 1773 1575 1821 periculo.’'
1612 1773 1692 1811 Sed
1719 1774 1911 1821 praestat

349 1854 531 1892 sortasse
564 1854 705 1890 totum
737 1861 912 1889 versum
945 1850 1083 1888 delere
1116 1851 1164 1887 ut
1197 1849 1247 1887 ab
1282 1859 1330 1887 eo
1358 1849 1552 1887 additum
1579 1849 1651 1897 qui
1678 1847 1910 1900 τερπόμενος

352 1941 400 1968 eo
434 1928 673 1967 adhibuerit
705 1936 834 1965 sensu
866 1936 994 1973 quem
1027 1935 1154 1972 saepe
1186 1923 1330 1975 χαίρων
1362 1924 1530 1963 habeat.

413 2076 467 2114 69
496 2085 585 2122 sqq.
614 2074 849 2122 Postquam
876 2074 1153 2112 Planctarum
1181 2074 1382 2112 naturam
1410 2073 1635 2121 descripsit
1661 2073 1766 2111 haec
1794 2073 1912 2112 Circe

354 2151 491 2188 addit:

533 2225 595 2275 οἴη
630 2225 678 2275 δὴ
712 2225 820 2279 κείνῃ
852 2239 893 2276 γε
925 2223 1108 2276 παρέπλω
1139 2224 1383 2276 ποντοπόρος
1415 2231 1514 2275 νηῦς

533 2299 648 2352 Ἀργὼ
680 2307 775 2338 πᾶσι
807 2299 989 2351 μέλουσα,
1019 2297 1114 2352 παρ’
1151 2300 1301 2350 Αἰήταο
1334 2299 1516 2339 πλέουσα.

530 2376 598 2414 καί
626 2376 676 2414 νύ
708 2390 749 2414 κε
780 2375 850 2426 τὴν
883 2373 968 2414 ἔνθ’
1008 2371 1077 2414 ὦκ’
1116 2375 1253 2427 ἔβαλεν
1286 2376 1453 2428 μεγάλας
1485 2375 1574 2415 ποτὶ
1605 2375 1759 2428 πέτρας,

533 2448 614 2489 ἀλλ’
639 2449 747 2502 “HQ
780 2450 1048 2502 παρέπεμψεν,
1079 2450 1160 2490 ἐπεὶ
1192 2451 1304 2501 φίλος
1336 2446 1405 2502 ἦεν
1431 2448 1581 2502 Ἰήσων.

416 2527 543 2565 Verbi
575 2525 711 2577 ἔβαλεν
744 2527 956 2565 obiectum
990 2528 1098 2575 quod
1136 2528 1232 2566 est?
1264 2527 1332 2565 An
1363 2528 1470 2566 latet
1501 2528 1545 2565 in
1575 2528 1855 2576 praecedente

533 2598 683 2651 κύμαθ’
723 2599 813 2648 ἁλὸς
847 2600 1036 2653 φορέουσι
1067 2602 1192 2654 πυρός
1223 2598 1254 2640 τ’
1293 2599 1421 2641 ὀλοοῖο
1453 2603 1648 2641 evellat?

416 2677 499 2714 Vix
540 2677 620 2715 hoc
663 2678 872 2716 credibile.
918 2678 998 2716 Sed
1040 2680 1261 2726 praeterea
1302 2679 1461 2726 apertis
1503 2679 1621 2717 vitiis
1663 2689 1815 2718 versus
1846 2679 1915 2717 hic

358 2753 534 2790 laborat.
578 2753 722 2799 Neque
766 2754 880 2792 enim
923 2751 1023 2791 ἔνθα
1066 2765 1203 2801 neque
1246 2747 1327 2791 ὦκα
1368 2754 1467 2792 ferri
1510 2756 1702 2803 possunt,
1747 2755 1821 2793 sed
1863 2754 1916 2792 ad

359 2828 557 2865 lacunam
596 2828 856 2875 implendam
890 2829 1050 2867 inserta
1082 2840 1131 2867 ea
1162 2829 1369 2867 vocabula
1404 2830 1600 2868 videntur
1633 2831 1683 2868 ab
1717 2830 1914 2878 imperito

360 2905 606 2940 correctore.
637 2903 794 2940 Deinde
824 2915 947 2951 aegre
976 2905 1041 2942 hic
1071 2905 1254 2942 alterum
1283 2904 1350 2941 καί
1375 2905 1650 2944 desideratur.
1671 2906 1916 2953 Requiritur
