2030 3439
865 1007 1210 1079 LIBER
1277 1005 1355 1077 V.

402 1316 481 1353 135
526 1325 586 1361 sq.
633 1313 810 1361 Cognito
853 1313 1029 1350 deorum
1061 1312 1112 1350 de
1143 1312 1316 1359 Ulyssis
1349 1312 1488 1349 reditu
1520 1311 1688 1350 decreto
1719 1307 1900 1358 Calypso

340 1391 458 1438 gravi
491 1390 632 1427 dolore
665 1390 782 1426 taeta
815 1389 857 1426 et
888 1388 972 1426 alia
1005 1388 1268 1426 lamentatur
1301 1388 1344 1425 et
1375 1387 1503 1425 haee:

515 1463 582 1502 τὸν
614 1460 683 1513 μὲν
716 1461 789 1514 ἐγὼ
817 1459 970 1512 ’φίλεόν
1002 1476 1039 1500 τε
1072 1460 1137 1500 καὶ
1168 1461 1345 1513 ἔτρεφον,
1375 1459 1446 1512 ἠδέ
1476 1458 1522 1499 f’
1559 1460 1735 1511 ἔφασκον

515 1534 704 1588 θησέμεν’
741 1536 945 1576 ἀθάνατον
977 1535 1043 1575 καὶ
1074 1535 1250 1589 ἀγήραον
1282 1535 1413 1587 ἤματα
1444 1537 1583 1575 πάντα.

401 1617 468 1654 Sic
506 1615 699 1653 edidistis
734 1614 785 1652 ad
819 1614 1097 1662 implendum,
1136 1614 1206 1661 qui
1239 1614 1342 1652 olim
1376 1614 1487 1652 inter
1519 1614 1727 1652 voeabula
1761 1611 1830 1663 ἠδέ
1862 1614 1905 1651 et

342 1690 514 1740 ἔφασκον
555 1691 647 1739 fuit,
681 1691 862 1728 hiatum.
896 1690 1069 1738 Verum,
1104 1690 1141 1727 si
1175 1689 1274 1736 quid
1306 1690 1442 1738 video,
1477 1700 1562 1727 non
1592 1690 1676 1727 fert
1706 1689 1906 1737 syntaxis

343 1768 502 1806 Graeca
534 1766 744 1804 eiusmodi
780 1765 933 1803 obiecti
966 1765 1289 1813 repetitionem:
1318 1763 1385 1802 τὸν
1404 1795 1411 1801 .
1429 1795 1463 1802 ..
1489 1763 1549 1802 ,Ρεῖ
1578 1765 1788 1803 Graecum
1816 1765 1904 1803 est:

342 1849 480 1881 τοῦτον
508 1840 670 1891 ἐφίλουν
698 1839 770 1892 ἐγὼ
797 1839 863 1878 καὶ
889 1838 1094 1878 ἀθάνατον
1121 1839 1300 1889 ποιήσειν
1326 1839 1498 1889 ἔμελλον,
1523 1840 1768 1887 insertoque
1786 1837 1907 1877 αὐτόν

344 1918 628 1966 corrumpitur
678 1918 906 1955 structura.
957 1916 1218 1964 Quapropter
1260 1916 1492 1954 Videndum
1535 1925 1678 1953 annon
1717 1915 1908 1963 praestet

343 1995 468 2032 lectio
510 1989 576 2042 ἠδ’
624 1989 676 2030 ἔτ’
725 1991 910 2042 ἔφασκον.
953 1992 1094 2030 Habet
1127 1992 1242 2030 enim
1276 1991 1379 2029 illud
1412 1990 1463 2028 ἔτι
1496 1991 1654 2038 aliquid
1687 1991 1787 2029 huie
1816 1991 1908 2029 loco

346 2069 632 2117 aptissimum,
678 2068 889 2115 siquidem
925 2067 1217 2106 immortalem
1250 2067 1338 2105 fore
1370 2067 1576 2114 Ulyssem
1609 2067 1652 2104 in
1683 2066 1797 2105 Votis
1829 2065 1910 2104 suit

346 2145 582 2192 nymphae:
628 2143 955 2182 immortalitate
998 2154 1097 2181 eum
1131 2143 1289 2181 donare
1322 2152 1406 2180 non
1439 2142 1581 2190 potest
1613 2141 1795 2190 Calypso
1827 2141 1911 2179 nisi

347 2220 577 2266 impetrata
618 2219 732 2256 Iovis
774 2219 911 2267 venia,
957 2219 1028 2265 qui
1071 2229 1155 2257 non
1198 2219 1290 2256 tam
1333 2217 1457 2255 facile
1501 2217 1711 2255 eiusmodi
1753 2216 1911 2264 aliquid

350 2295 576 2332 concedere
609 2293 729 2332 solet.
