2030 3439
1129 371 1183 408 76

375 509 510 545 neque
545 499 633 546 ipse
665 497 881 545 recipiam)
916 506 993 533 sua
1026 495 1088 532 ira
1120 495 1346 533 vexabitur
1373 496 1524 543 ipse”‘?
1552 496 1609 533 At
1635 496 1729 532 tum
1757 494 1929 532 omnino

375 587 440 622 μοι
483 575 573 612 erat
615 573 855 611 addendum
897 572 939 609 et
981 570 1355 608 succensendi
1395 570 1574 608 verbum
1613 569 1656 607 in
1687 569 1830 607 futuro
1861 579 1929 617 po-

375 649 574 687 nendum.
618 648 669 686 Et
707 657 912 695 quorsum
944 646 1059 684 istud
1091 639 1114 694 ἦ
1147 643 1219 696 γὰρ
1252 643 1337 694 ἐμοὶ
1368 641 1442 694 φίλ’
1481 642 1632 694 ἀληθέα
1666 643 1930 694 μυθήσασθαι

374 723 589 771 pertinet?
617 722 745 771 Quasi
772 731 872 759 vero
900 721 1056 758 dixerit
1084 720 1241 768 aliquid
1270 720 1552 758 Telemachus
1580 720 1690 768 quod
1717 720 1792 757 vix
1819 720 1928 768 quis-

375 808 503 845 quam
535 797 727 845 proloqui
759 807 889 835 ausus
922 798 1049 834 esset.

437 947 516 984 150
559 957 619 993 sq.
664 946 788 984 Matri
831 945 1112 983 Telemachus
1154 945 1204 983 de
1236 955 1313 983 suo
1355 945 1502 983 narrat
1543 945 1706 993 itinere,
1742 955 1872 992 seque
1908 955 1930 982 e

373 1023 561 1060 Menelao
609 1023 779 1060 audisse
821 1021 937 1060 addit
977 1022 1145 1069 patrem
1188 1021 1378 1059 desidere
1421 1020 1552 1058 etiam
1595 1021 1705 1068 apud
1748 1020 1929 1069 Calypso

374 1108 508 1145 neque
535 1098 672 1136 redire
699 1108 824 1146 posse
853 1098 951 1144 quia
978 1097 1102 1134 navis
1131 1097 1169 1134 ei
1196 1098 1366 1144 praesto
1394 1106 1479 1134 non
1497 1096 1575 1143 sit;
1596 1106 1642 1134 se
1659 1106 1760 1134 vero
1780 1096 1932 1144 Sparta

372 1173 485 1211 felici
516 1173 788 1220 navigatione
820 1173 863 1210 in
895 1172 1081 1220 patriam
1112 1171 1303 1210 rediisse.
1338 1171 1559 1218 Sequitur:

608 1242 659 1294 ὧς
688 1245 818 1298 ’φάτο,
848 1254 892 1302 τῇ
925 1244 960 1285 δ’
999 1245 1074 1299 ἄρα
1106 1246 1241 1297 θυμὸν
1274 1245 1331 1285 ἐνὶ
1367 1247 1579 1298 στήθεσσιν
1612 1245 1727 1298 ὄρινε.

608 1327 704 1362 τοῖσι
737 1321 778 1362 δὲ
809 1322 874 1362 καὶ
906 1322 1106 1374 μετέῐειπε
1141 1324 1407 1373 Θεοκλύμενος
1438 1323 1662 1373 θεολῑειδής.

430 1400 652 1438 Exciditne
694 1400 804 1438 inter
840 1401 946 1438 duos
987 1400 1115 1438 hosce
1157 1410 1308 1438 versus
1346 1400 1499 1447 aliquis
1530 1400 1740 1447 pluresve,
1777 1409 1830 1437 an
1862 1399 1931 1438 hic

371 1477 497 1523 poeta
529 1477 571 1514 et
603 1476 692 1523 ipse
725 1476 894 1513 illorum
928 1475 1009 1513 fuit
1040 1476 1264 1514 hominum
1298 1486 1403 1523 quos
1434 1476 1564 1513 toties
1590 1476 1861 1523 reprehendit
1887 1476 1930 1513 in

373 1551 552 1589 Scholiis
595 1552 646 1589 ad
688 1551 865 1589 Iliadem
908 1551 1196 1600 Aristarchus,
1241 1551 1351 1598 quod
1393 1561 1542 1589 veram
1579 1551 1670 1588 vim
1702 1551 1929 1589 verborum

371 1632 420 1679 τῷ
455 1629 525 1679 (τῇ)
559 1622 594 1663 δ’
631 1624 706 1677 ἄρα
738 1625 872 1675 θυμὸν
901 1625 957 1664 ε’νὶ
985 1626 1194 1676 στήθεσσιν
1222 1624 1326 1676 ὄρινε
1353 1627 1581 1674 ignorent?
1608 1626 1786 1674 Egregie
1814 1625 1930 1664 enim

372 1701 441 1739 ille
483 1702 605 1740 docet
646 1712 730 1740 non
772 1703 821 1740 de
864 1704 977 1740 certo
1006 1703 1190 1750 quodam
1223 1702 1356 1740 animi
1389 1702 1544 1740 affectu
1576 1702 1678 1740 illud
1710 1702 1822 1751 poni,
1855 1702 1930 1740 sed

371 1787 539 1824 semper
567 1787 663 1815 eam
689 1777 920 1815 formulam
948 1777 1149 1826 adhiberi,
1180 1788 1278 1816 cum
1305 1777 1569 1825 significetur
1596 1777 1776 1816 alicuius
1798 1777 1928 1815 verba

370 1852 553 1890 alterum
586 1853 637 1890 ad
670 1853 857 1900 aliquam
891 1863 983 1891 rem
1009 1853 1250 1892 faciendam
1277 1864 1473 1892 movere:
1502 1854 1623 1901 sequi
1650 1864 1748 1901 ergo
1776 1853 1927 1892 debere

370 1927 468 1974 quid
495 1928 602 1965 alter
629 1928 699 1966 ille
726 1929 855 1967 faciat
894 1929 1104 1967 Nostrone
1133 1939 1231 1977 ergo
1263 1929 1354 1967 loco
1387 1929 1540 1967 iisdem
1567 1929 1652 1967 illis
1679 1929 1821 1968 verbis
1847 1929 1927 1967 hoc

369 2002 455 2039 fere
498 2003 672 2041 dicitur:
721 2004 806 2051 „ita
848 2005 1058 2042 narrando
1101 2004 1383 2042 Telemachus
1420 2006 1606 2042 matrem
1637 2005 1826 2052 placavit
1856 2005 1925 2043 tri-

369 2078 618 2125 stitiamque
660 2080 750 2117 eius
781 2080 1008 2128 fugavit’'?
1039 2080 1150 2118 Nam
1183 2090 1332 2118 revera
1363 2080 1473 2117 irata
1504 2080 1585 2117 fuit
1615 2080 1824 2127 Penelope
1855 2080 1925 2117 tri-

369 2154 531 2201 stisque
564 2155 685 2202 quod,
721 2165 818 2192 curn
851 2155 958 2193 satis
991 2155 1061 2193 diu
1088 2155 1175 2193 iam
1203 2155 1318 2193 domi
1345 2155 1511 2203 fuisset,
1540 2156 1687 2193 tamen
1715 2155 1926 2193 nihildum

370 2229 419 2266 de
451 2239 529 2267 sua
561 2230 899 2277 peregrinatione
932 2232 1151 2269 narrasset
1184 2239 1260 2275 (vs.
1304 2231 1560 2274 roi—106).

430 2378 512 2415 274
550 2389 640 2425 sqq.
679 2379 817 2417 Verba
858 2379 1036 2418 Eumaei
1072 2380 1124 2417 ad
1156 2379 1373 2428 Ulyssem,
1409 2390 1506 2417 cum
1539 2379 1591 2417 ad
1624 2380 1751 2417 huius
1782 2388 1924 2427 perve-

369 2455 523 2491 nerunt
554 2454 692 2502 aedes,
727 2455 831 2493 haec
862 2457 984 2493 sunt:

604 2526 678 2567 ἀλλ’
711 2528 778 2580 ἄγε
811 2528 859 2579 δὴ
893 2526 1120 2580 φραζώμεθ’
1158 2529 1263 2576 ὅπως
1296 2528 1399 2568 ἔσται
1430 2529 1521 2568 τάδε
1551 2528 1686 2582 αῖέργα·

603 2602 647 2655 ἠὲ
679 2604 727 2642 σὺ
758 2611 908 2655 πρῶτος
940 2604 1074 2644 ἔσελθε
1106 2605 1253 2656 δόμους
1286 2604 1329 2644 ἐὺ
1361 2605 1625 2656 ναιετάοντας,

605 2680 720 2719 δύσεο
753 2680 794 2718 δὲ
825 2686 1061 2731 μνηστῆρας,
1093 2680 1165 2733 ἐγὼ
1199 2679 1234 2719 δ’
1271 2680 1537 2731 ὑπολείψομαι
1571 2676 1680 2720 αὖθι·

605 2755 639 2793 εἰ
669 2752 703 2793 δ’
742 2754 901 2805 ἐθέλεις,
932 2755 1143 2807 ἐπίμεινον,
1174 2756 1247 2809 ἐγὼ
1281 2753 1318 2795 δ’
1353 2752 1430 2807 εἶμι
1461 2758 1720 2808 προπάροιθε.

603 2827 702 2880 μηδὲ
733 2830 780 2869 σὺ
814 2832 1020 2881 δηθύνειν,
1051 2833 1104 2883 μή
1136 2833 1190 2879 τίς
1225 2829 1259 2871 σ’
1298 2831 1458 2871 ἔκτοσθε
1490 2833 1636 2883 νοήσας

603 2903 627 2955 ἢ
660 2905 759 2959 βάλῃ
792 2904 816 2957 ἢ
850 2905 976 2961 ἐλάσῃ.
