2030 3439
1112 395 1165 432 66

358 523 505 576 ἀγαθή,
552 523 660 571 quod
708 532 835 569 supra
882 517 1003 568 ἐσθλή
1052 520 1359 567 interpretandi
1407 530 1536 558 causa
1579 520 1769 568 positum
1811 522 1913 569 erat,

356 603 586 647 utcumque
619 600 779 636 iustam
811 595 951 633 effecit
985 605 1134 632 versus
1167 595 1417 633 clausulam.

414 759 498 796 445
546 756 780 793 Phoenissa
827 753 992 800 mulier,
1039 753 1104 789 6111
1147 762 1193 789 se
1235 762 1415 800 puerum
1459 752 1741 790 commissum
1783 752 1916 791 fuisse

355 836 568 872 Eumaeus
611 832 767 878 narrat,
814 840 912 867 611111
954 830 1117 866 rectore
1160 828 1414 866 Phoeniciae
1456 828 1592 877 navis,
1632 829 1740 867 forte
1773 829 1824 866 ad
1857 829 1914 867 in-

355 909 495 947 sulam
542 908 633 945 eius
676 905 940 953 appellentis,
984 904 1216 952 paciscitur
1257 905 1305 942 ut
1346 904 1438 952 ipsa
1480 905 1522 942 in
1563 905 1749 953 patriam
1790 915 1917 943 suam

354 985 590 1030 reducatur,
635 984 728 1019 turn
770 991 816 1018 se
858 990 1037 1028 puerum
1082 979 1216 1027 11111111,
1252 979 1364 1026 regis
1396 978 1588 1027 filiolum,
1623 990 1771 1018 secum
1805 981 1916 1018 olam

354 1060 631 1098 abducturam
684 1059 731 1094 ut
780 1057 903 1103 longe
952 1066 975 1093 a
1023 1054 1270 1102 parentibus
1317 1056 1494 1092 veneat:
1544 1055 1753 1093 eiusmodi
1801 1057 1916 1094 enim

354 1145 532 1183 puerum
575 1143 668 1171 esse
711 1132 833 1169 11111111
876 1142 897 1168 6
941 1141 1021 1178 quo
1054 1140 1262 1178 magnum
1294 1129 1385 1168 fieri
1418 1131 1584 1168 1116111111
1616 1132 1765 1178 possit.
1800 1131 1916 1169 Haec

353 1212 498 1249 autem
532 1209 647 1247 cives
679 1217 780 1245 suos
814 1207 951 1244 iubet:

531 1280 613 1322 ἀλλ’
650 1278 744 1333 ἔχετ’
781 1280 822 1320 ἐν
855 1279 969 1331 φρεσὶ
1002 1284 1150 1331 μῦθον,
1180 1279 1344 1329 ἐπείγετε
1377 1278 1414 1319 δ’
1454 1277 1557 1320 ὦνον
1591 1279 1762 1336 ὅδαίωνχ

413 1360 628 1399 Vocabula
671 1353 774 1396 ὦνον
812 1355 958 1396 ὁδαίων
992 1358 1053 1396 sio
1085 1358 1255 1396 vertitis
1290 1359 1580 1407 „emptionem
1613 1360 1823 1397 mercium
1855 1370 1914 1398 re-

353 1436 700 1485 portandarum,’'
729 1435 804 1472 vix
831 1435 957 1482 reete,
988 1434 1035 1471 ut
1062 1434 1221 1481 opinor.
1241 1433 1317 1471 Est
1335 1434 1450 1471 enim
1469 1427 1567 1479 ὦνος
1585 1444 1670 1472 11011
1694 1435 1914 1484 emptio,

353 1514 427 1551 sed
468 1512 709 1560 pretium
753 1521 833 1558 quo
873 1510 1041 1558 emitur,
1078 1509 1128 1547 ef.
1163 1520 1226 1547 vs.
1262 1509 1346 1547 429
1380 1505 1399 1547 ὃ
1433 1505 1468 1547 δ’
1505 1506 1616 1556 ἄξιον
1649 1503 1753 1548 ὦνον
1786 1508 1915 1548 ἔδωκε.

352 1589 459 1637 Ergo
502 1585 665 1638 ἐπείγετε
709 1582 744 1624 δ’
792 1580 896 1623 ὦνον
939 1583 1086 1623 ὁδαίων
1128 1586 1189 1623 sic.
1232 1585 1459 1623 verterim:
1507 1585 1660 1634 „facite
1701 1587 1750 1624 ut
1787 1597 1915 1633 quam

351 1665 538 1712 primum
581 1664 631 1701 ab
674 1663 800 1700 huius
844 1664 982 1700 terrae
1015 1661 1164 1699 ineolis
1197 1672 1353 1709 rerum,
1389 1671 1494 1708 quas
1526 1662 1701 1700 venales
1734 1662 1914 1711 habetis,

352 1740 618 1788 persolutum
645 1738 766 1776 vobis
793 1737 851 1775 sit
877 1737 1091 1785 pretiuin”
1120 1737 1211 1774 sive
1243 1737 1395 1784 „facite
1422 1738 1470 1774 ut
1496 1736 1540 1774 hi
1567 1737 1764 1775 homines
1786 1748 1916 1785 quam

350 1817 537 1864 primum
584 1825 661 1852 vos
709 1814 977 1851 absolvant.”
1022 1813 1244 1851 Sententia
1285 1814 1433 1851 tamen
1474 1813 1623 1851 eodem
1666 1814 1797 1852 redit:
1840 1825 1915 1862 pro

351 1892 485 1939 pretio
529 1891 643 1929 enim
682 1890 915 1928 Phoenices
948 1889 1162 1937 accipiunt
1194 1900 1278 1927 non
1312 1900 1464 1927 aurum
1498 1890 1808 1937 argentumque
1841 1890 1915 1928 sed

352 1968 629 2004 frumentum.
665 1965 755 2003 Hoc
788 1966 853 2002 est
886 1965 995 2012 quod
1028 1974 1156 2002 Versu
1190 1966 1273 2003 456
1308 1964 1483 2003 dicitur:

648 2039 688 2079 ἐν
721 2038 786 2091 νηὶ
825 2042 1008 2094 γλαφυρῇ
1040 2039 1174 2090 βίοτον
1206 2039 1332 2078 πολὺν
1365 2038 1618 2090 ἐμπολάοντο.

413 2192 494 2229 457
540 2191 588 2228 111
630 2200 786 2228 navem
829 2200 927 2237 ergo
970 2190 1204 2228 Phoenices
1238 2190 1505 2228 frumentum
1538 2190 1641 2228 iilud
1672 2201 1746 2239 pro
1779 2191 1914 2239 pretio

353 2269 576 2314 acceptum
609 2266 851 2304 conjiciunt.
887 2265 1108 2313 Sequitur:

645 2336 727 2378 ἀλλ’
766 2340 824 2378 ὅτε
857 2339 905 2390 δὴ
937 2340 1048 2390 κοίλη
1080 2346 1178 2390 νηῦς
1211 2338 1353 2391 ἤχθετο
1385 2344 1482 2379 τοῖσι
1515 2339 1687 2379 νέεσθαι.

413 2418 517 2466 Quid
564 2417 677 2454 istud
723 2421 822 2466 νηῦς
868 2414 1010 2466 ἤχθετο
1052 2419 1150 2454 τοῖσι
1191 2414 1352 2454 νέεσθαι
1394 2417 1473 2454 sibi
1516 2418 1621 2455 velit
1661 2418 1827 2465 nescio;
1872 2419 1912 2456 et

351 2504 486 2540 neque
518 2492 728 2539 quomodo
761 2492 890 2530 verba
923 2492 996 2530 illa
1028 2492 1194 2530 defendi
1228 2502 1364 2539 neque
1397 2493 1607 2539 quomodo
1639 2492 1914 2540 probabiliter

351 2568 567 2606 emendari
600 2568 765 2615 possint
798 2568 933 2606 video.

409 2718 492 2754 466
526 2716 684 2753 Deinde
718 2716 767 2753 de
799 2715 958 2763 perfida
989 2717 1062 2755 iila
1095 2717 1249 2755 aneilla
1282 2718 1386 2755 haee
1418 2720 1668 2756 narrantur:

586 2785 681 2840 ηὗρε
715 2787 752 2828 δ’
789 2789 845 2828 ἐνὶ
878 2791 1063 2846 προδόμῳ
1099 2790 1196 2841 ἠμὲν
1230 2788 1341 2829 ὃέπα’
1379 2789 1449 2842 ἡδὲ
1480 2791 1678 2843 τραπέζας.

407 2867 503 2914 Res,
548 2876 653 2913 quas
697 2866 739 2902 in
783 2867 993 2905 vestibulo
1026 2868 1196 2905 aedium
1229 2868 1524 2906 invenisse
1558 2869 1712 2907 ancilla
1744 2869 1909 2918 dicitur,

347 2943 550 2980 nimirum
592 2951 665 2978 eae
698 2943 797 2978 sunt
831 2952 1011 2988 quarum
1045 2953 1175 2980 unam
1209 2943 1474 2990 alteramque
1507 2944 1684 2982 furatur.
1718 2944 1825 2992 Ergo
1858 2955 1911 2982 ne
