2030 3439
1081 350 1136 388 30

330 480 514 529 praebet,
559 481 624 517 est
661 477 817 524 aliquid
850 475 959 523 quod
992 474 1227 522 displiceat.
1262 473 1473 522 Quorsum
1507 474 1623 511 enim
1655 473 1769 511 istud
1802 471 1886 511 S'u?

331 556 383 594 Et
413 556 542 593 nolite
575 562 804 601 provocare
838 552 889 589 ad
921 560 1074 588 versus
1107 564 1131 598 η
1170 550 1424 588 136-138;

625 623 719 679 ηὗρε
752 624 793 665 δὲ
829 625 1016 676 Φαιήκων
1048 622 1242 676 ἡγήτορας
1274 622 1344 675 ἠδὲ
1377 623 1566 674 μέδοντας

624 701 862 748 σπένδοντας
895 700 1102 740 δεπάεσσιν
1135 700 1313 756 εὐσκόπῳ
1346 699 1596 755 ἀργεϊφόντῃ,

625 776 653 833 ᾧ
686 779 849 833 πυμάτῳ
878 774 1148 826 ’σπένδεσκον,
1180 776 1239 815 ὅτε
1272 777 1488 827 μνησαίατο
1519 777 1651 815 κοίτου

333 859 474 905 nolite,
505 857 691 904 inquam,
723 856 782 893 sic
810 865 880 892 me
909 854 1100 892 refellere
1129 853 1293 892 conari:
1317 854 1508 902 „invenit
1524 853 1706 901 Ulysses
1724 853 1890 891 Alcinoi

334 933 547 980 convivas,
588 932 787 969 ultimam
819 930 1026 968 facientes
1058 928 1320 977 libationem,
1357 939 1455 977 ergo
1489 929 1667 967 iamiam
1700 929 1890 967 abituros

333 1009 406 1047 sed
453 1010 599 1046 tamen
647 1007 874 1044 etiamtum
920 1006 1191 1052 praesentes3
1241 1005 1343 1043 illud
1388 1006 1533 1043 autem
1575 1015 1701 1043 omne
1745 1006 1891 1043 nostro

333 1085 423 1122 loco
465 1094 548 1121 uno
591 1082 795 1120 vocabulo
838 1079 890 1118 ἔτι
933 1080 1157 1128 aptissime
1200 1079 1509 1128 significatur.’'
1546 1081 1657 1119 Nam
1689 1081 1890 1129 primum,

334 1161 369 1198 Si
408 1160 520 1197 recte
552 1158 705 1195 dicitur
737 1151 823 1206 εὗρε
854 1155 944 1202 τοὺς
978 1154 1174 1194 Ἀλκινόου
1208 1155 1348 1204 φίλους
1379 1154 1432 1194 ἔτι
1463 1155 1674 1207 παρόντας,
1705 1157 1893 1194 etiamne

335 1235 542 1273 Graecum
584 1233 751 1270 videtur
793 1230 845 1269 ἔτι
887 1230 1063 1281 εὑρήσεις
1101 1230 1246 1277 αὐτούς
1280 1232 1352 1270 1110
1385 1242 1516 1270 sensu
1547 1232 1769 1280 positum?
1800 1231 1894 1269 Non

335 1311 492 1358 opinor,
537 1309 610 1346 sed
653 1308 1014 1355 quemadmodum
1057 1304 1185 1345 οὐκέτι
1227 1306 1336 1357 δήετε
1379 1305 1526 1358 τέκμωρ
1564 1304 1681 1346 Ἰλίου
1715 1301 1895 1357 αἰπεινῆς

337 1388 423 1424 est:
471 1395 579 1433 „non
622 1385 709 1422 iam
750 1382 841 1421 fieri
883 1385 1025 1431 potest
1064 1385 1112 1421 ut
1154 1383 1326 1421 Troiam
1369 1384 1636 1432 expugnetis,
1676 1383 1897 1432 praeteriit

338 1461 463 1499 huius
509 1461 569 1498 rei
610 1461 781 1507 tempus
824 1460 951 1506 atque
992 1459 1219 1508 facultas,”
1264 1459 1324 1497 ita
1366 1457 1419 1497 ἔτι
1461 1459 1565 1509 δήεις
1607 1459 1676 1497 vel
1719 1457 1895 1510 εὑρήσεις

336 1536 498 1581 τούτους
515 1534 604 1581 τοὺς
622 1533 767 1585 ἄνδρας
786 1536 873 1573 est:
897 1535 1004 1583 „erit
1017 1535 1242 1582 aliquando
1256 1535 1345 1573 dies
1358 1535 1429 1573 ille
1442 1545 1524 1583 quo
1537 1546 1609 1574 eos
1622 1531 1894 1580 invenias”.¹)

339 1612 497 1649 Deinde
530 1621 602 1649 0111·
633 1611 738 1648 libro
771 1610 954 1658 septimo
988 1610 1179 1648 Minerva
1210 1610 1272 1649 sic
1303 1610 1510 1658 Ulyssem
1542 1611 1805 1658 alloquatur:

634 1681 746 1732 οὗτος
779 1685 827 1736 δή
860 1700 930 1736 τοι,
962 1686 1060 1732 ξεῖνε
1092 1684 1225 1737 πάτερ,
1255 1685 1388 1736 δόμος,
1420 1685 1465 1724 ὅν
1498 1700 1544 1736 με
1574 1686 1741 1733 κελεύεις

633 1760 893 1813 πεφραδέμεν·
927 1761 1032 1811 δήεις
1067 1759 1109 1800 δὲ
1142 1760 1368 1813 διοτρεφέας
1402 1763 1592 1813 βασιλῆας

636 1837 772 1887 δαίτην
806 1835 1069 1887 δαινυμένους

341 1915 468 1964 probe
515 1913 818 1961 intelligimus:
866 1913 1055 1951 amicum
1102 1913 1415 1961 quodammodo
1457 1913 1633 1962 periculi
1676 1913 1898 1952 cuiusdam

342 1990 544 2029 instantis
586 1990 799 2038 admonet,
838 1999 890 2027 ne
922 1989 993 2026 illo
1025 1990 1325 2037 perterreatur.
1361 1989 1438 2038 Qui
1471 1989 1587 2027 enim
1618 1989 1787 2037 ignotos
1819 1988 1900 2027 sibi

344 2067 432 2104 adit
472 2065 668 2103 homines
704 2064 940 2112 hospitium
973 2075 1181 2112 opemque
1212 2064 1437 2113 petiturus,
1472 2065 1510 2102 si
1541 2064 1638 2103 illos
1669 2075 1754 2103 non
1786 2064 1900 2102 solos

344 2141 508 2179 invenit
539 2140 613 2177 sed
646 2150 743 2177 cum
774 2150 930 2187 magno
964 2140 1243 2178 convivarum
1277 2141 1506 2178 coenantes
1538 2150 1728 2189 numero,
1758 2141 1901 2178 metus

346 2218 411 2254 est
452 2226 504 2253 ne
546 2216 839 2263 inexspectato
883 2216 1124 2263 spectaculo
1167 2215 1229 2253 sic
1270 2216 1552 2264 perturbetur,
1597 2216 1645 2253 ut
1686 2215 1899 2264 allocutio,

346 2302 475 2339 quam
521 2292 648 2329 antea
694 2291 840 2329 sedulo
887 2291 944 2328 sit
990 2291 1237 2339 meditatus,
1281 2291 1418 2329 menti
1460 2291 1552 2328 eius
1594 2291 1776 2329 excidat.
1821 2290 1902 2329 Sed

347 2367 536 2404 Minerva
581 2367 785 2414 Ulyssem
826 2366 1001 2414 periculi
1043 2367 1246 2405 admonet
1286 2367 1374 2405 iam
1415 2367 1515 2405 ante
1557 2366 1669 2405 fores
1711 2367 1902 2405 stantem

347 2441 579 2489 statimque
612 2442 749 2480 addit:

1039 2517 1088 2556 σὺ
1121 2513 1156 2556 δ’
1194 2515 1267 2556 ἔσω
1298 2517 1356 2555 κίε
1389 2514 1488 2568 μηδέ
1518 2531 1553 2555 τι
1585 2520 1704 2571 θυμῷ

643 2592 788 2643 τάρβεε·
820 2590 1039 2644 θαρσαλέος
1071 2591 1144 2644 γὰρ
1177 2591 1277 2644 ἀνὴρ
1311 2590 1352 2630 ἐν
1384 2598 1503 2630 πᾶσιν
1535 2590 1706 2642 ἀμείνων

352 2679 458 2715 quae
486 2669 614 2706 verba
640 2669 708 2706 vel
734 2669 926 2707 maxime
954 2679 1106 2707 verum
1134 2679 1228 2707 esse
1257 2669 1555 2707 demonstrant
1581 2669 1622 2706 id
1651 2669 1760 2716 quod
1778 2668 1904 2706 modo

352 2743 544 2782 dicebam
576 2744 626 2781 de
659 2744 848 2782 Minerva
880 2744 1084 2792 Ulyssem
1112 2745 1318 2783 adversus
1344 2744 1582 2792 periculum
1610 2743 1903 2782 confirmante.

401 2908 534 2943 ¹)Belg.:
557 2911 613 2946 „gij
634 2910 704 2938 zult
723 2917 758 2938 ze
779 2917 854 2945 nog
879 2911 953 2939 wel
979 2918 1075 2940 eens
1095 2911 1243 2940 vinden”.
