2030 3439
610 1018 954 1089 LIBER
1022 1018 1148 1088 VI.

155 1323 237 1359 244
281 1332 343 1369 sq.
388 1321 622 1370 Conspecto
660 1321 829 1369 Ulysse,
861 1321 926 1357 cui
960 1321 1148 1358 Minerva
1180 1323 1275 1368 post
1309 1321 1507 1359 balneum
1541 1322 1646 1358 inso-

93 1397 219 1435 litum
266 1397 460 1445 praebuit
507 1398 691 1435 nitorem
738 1397 1007 1444 gratiamque
1054 1396 1140 1433 fere
1188 1396 1390 1445 divinam,
1440 1397 1650 1434 Nausicaa

92 1473 320 1511 comitibus
353 1474 395 1511 et
426 1473 510 1511 alia
541 1473 643 1511 dicit
674 1474 716 1511 et
747 1473 873 1510 haec:

391 1547 433 1585 αἲ
463 1546 536 1599 γὰρ
570 1546 654 1597 ἐμοὶ
686 1546 837 1586 τοιόσδε
870 1546 983 1592 πόσις
1014 1544 1247 1596 κεκλημένος
1281 1546 1339 1596 εἴη

389 1621 534 1661 ἐνθάδε
564 1622 766 1672 ναιετάων,
795 1622 864 1660 καί
890 1623 958 1660 foc
989 1621 1110 1660 fcidot
1141 1621 1284 1660 αὐτόθι
1316 1621 1480 1671 μίμνειν.

155 1699 303 1737 Merito
335 1699 524 1737 ridemus
557 1699 723 1747 ineptos
752 1699 960 1745 homines,
991 1698 1058 1744 qui
1089 1698 1258 1745 putidae
1287 1697 1508 1735 cuiusdam
1536 1707 1648 1735 vere-

96 1774 274 1813 cundiae
307 1774 488 1813 studiosi
522 1776 564 1812 et
595 1785 648 1812 ne
676 1775 718 1812 in
746 1774 955 1812 Nausicaa
984 1773 1155 1819 quidem
1183 1773 1313 1810 animi
1342 1772 1651 1819 verborumque

96 1850 421 1898 simplicitatem
448 1851 635 1888 ferentes
663 1851 789 1888 hosce
818 1859 967 1887 versus
991 1847 1300 1886 damnaverint.
1320 1848 1464 1894 Neque
1482 1847 1651 1885 illorum

96 1926 312 1973 probanda
369 1926 488 1973 ratio,
549 1925 620 1972 qui
669 1925 852 1963 alterum
903 1934 1074 1961 versum
1123 1923 1406 1961 abiiciendum
1454 1923 1650 1967 censent3

96 2001 337 2038 rectissime
371 2001 486 2038 enim
519 2001 759 2038 admonetis
793 2001 1017 2047 abruptam
1050 1999 1179 2036 nimis
1211 1996 1301 2035 fieri
1334 1997 1497 2045 puellae
1529 1996 1652 2034 orati-

99 2086 225 2114 onem
257 2076 294 2113 si
327 2086 501 2114 versum

393 2151 434 2189 αἲ
464 2150 537 2202 γὰρ
570 2149 654 2200 ἐμοὶ
685 2149 835 2189 τοιόσδε
867 2148 980 2195 πόσις
1012 2145 1246 2198 κεκλημένος
1279 2147 1337 2197 εἴη

99 2228 249 2267 statim
281 2228 350 2266 hic
383 2228 591 2276 excipiat:

393 2301 490 2340 ἀλλὰ
522 2299 619 2351 δότ’,
650 2300 880 2351 ἀμφίπολοι,
912 2299 1023 2354 ξείνῳ
1057 2297 1203 2349 βρῶσίν
1236 2311 1272 2336 τε
1303 2295 1420 2335 πόσιν
1452 2310 1500 2334 τε.

159 2379 276 2427 Quod
318 2380 464 2417 autem
507 2378 558 2416 ad
600 2377 825 2416 Kratzium
873 2374 1127 2424 provocatis,
1171 2373 1243 2420 qui
1286 2372 1329 2410 in
1370 2372 1481 2410 hunc
1522 2372 1655 2409 ferme

98 2454 276 2492 modum
308 2454 358 2492 de
391 2455 537 2492 nostro
570 2453 660 2491 1000
694 2451 951 2500 disputavit:
985 2450 1114 2498 „haec
1142 2449 1234 2497 ipsa
1261 2450 1327 2486 est
1353 2447 1480 2485 huius
1506 2457 1656 2484 versus

99 2530 306 2568 venustas
354 2529 463 2576 quod
510 2528 651 2576 puella
697 2538 793 2575 non,
844 2527 903 2564 ita
950 2527 998 2563 ut
1044 2524 1193 2572 eoepit,
1243 2524 1293 2561 de
1334 2521 1440 2560 ficto
1474 2521 1656 2569 quodam

99 2605 256 2643 marito
295 2605 481 2652 cogitare
514 2606 557 2642 et
587 2604 702 2651 loqui
734 2602 882 2650 pergit,
918 2601 992 2639 sed
1023 2600 1185 2638 sensim
1217 2599 1362 2636 mente
1395 2599 1437 2635 et
1469 2596 1657 2634 oratione

101 2681 153 2718 ad
180 2680 322 2729 ipsum
349 2680 555 2727 Ulyssem
583 2678 792 2726 aben'at‚’'
822 2678 1030 2715 hactenus
1057 2675 1279 2713 vobiscum
1306 2672 1414 2710 facio
1442 2673 1487 2709 ut
1516 2680 1656 2709 conee-

101 2756 212 2804 dam‚
257 2756 391 2793 immo
433 2765 506 2803 pro
550 2755 664 2792 certo
708 2753 930 2800 affirmem,
975 2750 1286 2799 lepidissimam
1324 2747 1522 2796 puellam,
1556 2745 1657 2782 dum

102 2831 152 2887 de
198 2830 366 2878 marito,
416 2829 487 2877 qui
533 2829 681 2877 Ulyssi
723 2827 878 2866 similis
921 2827 990 2874 sit,
1035 2826 1244 2872 loquatur,
1288 2823 1338 2860 de
1380 2822 1470 2869 ipso
1513 2822 1658 2858 tamen

102 2905 258 2954 Ulysse
285 2915 421 2952 neque
449 2905 499 2943 de
515 2905 601 2942 ullo
619 2904 700 2942 alio
719 2903 917 2950 cogitare.
936 2901 1097 2939 Verum
1114 2900 1230 2938 nulla
1247 2908 1436 2946 unquam
1456 2898 1658 2935 venustas
