2030 3439
832 346 884 384 77

139 470 382 518 Respondet
414 470 616 517 Ulysses:

345 544 560 596 γιγνώσκω,
590 544 755 594 φρονέω·
788 544 833 582 τά
864 559 905 595 γε
939 544 987 594 δὴ
1023 544 1170 583 νοέοντι
1202 545 1377 591 κελεύεις.

201 621 284 658 282
347 615 422 657 ἀλλ’
458 618 566 670 ἔρχευ
598 619 884 669 προπάροιθεν,
915 618 988 670 ἐγὼ
1021 616 1056 658 δ’
1098 619 1358 669 ὑπολείψομαι
1391 614 1500 658 αὖθι.

140 696 233 734 Non
259 697 351 734 tam
378 695 517 733 forma
543 695 711 733 novicia
737 693 843 744 ἔρχευ
872 696 978 733 mihi
1006 696 1200 743 displicet
1226 706 1354 743 quam
1373 696 1481 743 quod
1500 706 1634 744 neque

81 769 154 822 ἐγώ
182 781 318 819 neque
345 769 387 809 δέ
414 771 700 819 praemissum
729 772 913 809 habeant
940 772 1170 819 quidquam
1194 782 1274 819 quo
1293 772 1458 819 possint
1475 772 1633 811 referri.

84 846 200 895 Quod
228 848 374 885 autem
403 847 522 885 vobis
550 847 593 884 in
620 849 812 885 mentem
840 847 957 885 venit
985 845 1089 896 ἔρχεο
1117 844 1159 884 δὲ
1185 846 1457 896 προπάροιθεν
1487 858 1634 885 verum

82 932 176 961 esse
218 932 343 970 posse
384 933 470 960 non
511 922 679 960 videtur
721 922 831 969 quia,
865 922 934 959 ubi
974 922 1068 969 quis
1100 933 1122 960 e
1154 923 1303 960 duabis
1335 922 1460 960 rebus
1491 933 1634 971 propo-

82 998 178 1036 sitis
220 998 402 1036 alteram
445 997 563 1045 eligit
605 998 777 1036 omnino
821 1008 925 1045 opus
968 999 1032 1036 est
1070 998 1365 1036 coniunctione
1397 998 1502 1046 sed,
1537 998 1636 1045 quia

79 1073 184 1112 haec
225 1073 312 1112 fere
355 1074 421 1111 est
461 1073 675 1120 loquentis
717 1083 862 1110 mens:
907 1075 1135 1121 utrumque
1177 1073 1347 1122 bonum,
1382 1074 1454 1112 sed
1489 1075 1635 1111 tamen

80 1149 160 1187 hoc
191 1148 262 1187 illo
294 1148 435 1197 magis
467 1148 636 1186 arridet.
673 1148 823 1196 Quidni
858 1149 1075 1196 legamus:

257 1222 353 1262 ἀλλὰ
385 1223 433 1262 σὺ
465 1221 535 1273 μὲν
566 1223 851 1274 προπάροιθεν,
883 1222 955 1274 ἐγὼ
983 1221 1018 1262 δ’
1053 1223 1315 1274 ὑπολείψομαι
1347 1218 1457 1262 αὖθι.

140 1301 190 1339 In
231 1301 436 1339 festinata
467 1300 582 1338 enim
618 1300 919 1338 deliberatione
951 1300 1175 1347 aptissima
1209 1302 1274 1338 est
1306 1300 1514 1338 eiusmodi
1546 1299 1634 1337 bre·

81 1376 195 1415 vitas
237 1377 279 1415 et
312 1376 492 1414 alicuius
524 1375 720 1414 vocabuli
752 1375 941 1413 omissio.
971 1375 1199 1423 Supplendi
1232 1376 1375 1413 autem
1411 1374 1636 1412 conamina

81 1462 256 1491 versum
289 1454 579 1500 corruperunt.

144 1605 227 1643 284
259 1614 350 1652 sqq.
383 1603 543 1642 Deinde
574 1603 679 1642 haee
709 1603 889 1651 Ulysses
922 1603 1058 1641 addit:

321 1679 498 1730 τολμήεις
530 1694 595 1729 μοι
626 1678 770 1728 θυμὸς,
802 1676 882 1716 ἐπεὶ
913 1676 1014 1716 κακὰ
1043 1676 1165 1715 πολλὰ
1196 1675 1379 1715 πέπονθα

318 1755 465 1805 κύμασι
494 1752 561 1793 καὶ
591 1755 757 1808 πολέμῳ·
790 1752 883 1803 μετὰ
915 1751 980 1791 καὶ
1010 1752 1097 1792 τόδε
1128 1755 1225 1790 τοῖσι
1257 1749 1443 1803 γενέσθω·

316 1829 481 1882 γαστέρα
513 1827 550 1869 δ’
587 1828 634 1869 οὔ
666 1844 748 1875 πως
780 1828 881 1867 ἔστιν
913 1827 1140 1878 ἀποκρύψαι
1174 1830 1379 1877 μεμαυῖαν.

141 1908 220 1946 Pro
267 1908 410 1955 inepto
458 1905 689 1957 ἀποκρύψαι
736 1905 866 1944 Clem.
915 1904 1036 1942 Alex.
1085 1903 1213 1941 habet
1259 1901 1483 1952 ἀποπλῆσαι
1526 1903 1635 1950 quod

82 1983 268 2031 ineptius
300 1983 454 2021 etiam:
489 1982 662 2021 omnino
696 1982 810 2020 enim
842 1980 1067 2028 inplendus
1098 1981 1247 2017 venter
1280 1980 1357 2016 est.
1386 1978 1462 2016 Ille
1489 1980 1634 2016 tamen

80 2059 199 2097 viam
230 2060 458 2097 monstrat.
492 2058 736 2106 Legendum
766 2057 880 2095 enim
907 2056 1075 2094 videtur
1102 2053 1320 2108 ἀποκλῇσαι
1348 2057 1468 2102 (quae
1496 2064 1633 2092 recen-

81 2134 165 2172 tior
205 2135 344 2173 forma
385 2135 428 2172 in
470 2134 550 2172 hac
590 2136 703 2172 certe
744 2134 863 2180 parte
907 2131 1108 2170 carminis
1152 2131 1295 2177 utique
1338 2130 1509 2167 ferenda
1542 2131 1633 2173 est).

82 2209 189 2248 Cum
230 2210 321 2249 fera
362 2210 504 2258 aliqua
534 2208 679 2260 γαστήρ
713 2209 994 2256 comparatur,
1030 2206 1128 2253 quia
1160 2207 1202 2243 et
1234 2206 1325 2253 ipsa
1357 2207 1423 2243 est
1455 2207 1637 2253 μεμαυῖα,

81 2286 155 2324 sed
192 2296 276 2324 non
312 2295 544 2333 possumus
575 2284 695 2322 illam
728 2283 919 2321 clausam
951 2283 1118 2319 tenere:
1153 2290 1322 2328 semper
1354 2280 1468 2318 enim
1500 2281 1634 2326 urget.

141 2435 225 2474 304
254 2445 315 2482 sq.
341 2434 575 2482 Conspeoto
594 2443 696 2472 cane
715 2442 803 2480 suo,
825 2431 894 2478 qui
913 2430 963 2468 ab
982 2429 1179 2467 omnibus
1197 2428 1416 2476 neglectus
1435 2427 1635 2474 senioque

83 2511 300 2549 confectus
331 2512 479 2548 tamen
511 2509 734 2547 dominum
767 2506 971 2554 agnoscit,
1006 2505 1186 2551 Ulysses

670 2582 788 2631 νόσφι
824 2579 952 2619 ,Ριδὼν
985 2578 1230 2630 ἀπομόρξατο
1264 2578 1402 2628 δάκρυ,

327 2660 410 2712 ῥεῖα
441 2658 580 2699 λαθὼν
605 2655 810 2708 Ἐὐμαιον,
843 2655 950 2706 ἄφαρ
983 2651 1020 2693 δ’
1058 2653 1240 2705 ἐρεείνετο
1273 2654 1401 2707 μύθῳ·

139 2737 360 2785 Nusquam
408 2736 664 2775 vocabulum
711 2734 854 2772 minus
901 2733 997 2779 apte
1039 2730 1227 2778 positum
1270 2729 1355 2766 vidi
1398 2737 1525 2775 quam
1571 2727 1637 2764 hic

81 2813 195 2851 istud
236 2812 330 2864 ῥεῖα.
373 2812 483 2850 Tum
515 2811 631 2850 enim
662 2811 776 2848 reete
808 2807 890 2859 ῥεῖα
923 2806 1076 2853 aliquis
1109 2805 1266 2852 aliquid
1301 2804 1438 2842 facere
1471 2802 1635 2849 dicitur,

84 2899 180 2926 oum
214 2887 595 2926 demonstrandum
629 2887 694 2924 est
727 2884 883 2932 quanto
917 2881 986 2919 ille
1015 2881 1142 2918 homo
1172 2879 1237 2918 vel
1266 2878 1451 2926 corporis
1478 2876 1638 2914 viribus
