2030 3439
1127 330 1144 365 1
1153 330 1177 365 (ᾗ)

367 454 472 502 Quid
521 455 667 492 enim?
715 454 1016 492 Custoditurne
1063 465 1087 490 a
1134 454 1272 501 procis
1319 455 1528 503 Penelope
1575 466 1627 493 ne
1669 455 1783 494 foras
1825 458 1926 494 eat?

367 531 586 577 Nusquam
616 530 823 567 eiusmodi
853 530 1010 576 aliquid
1038 529 1234 576 legimus.
1264 530 1407 577 Neque
1434 531 1547 568 ullus
1575 532 1642 569 est
1669 541 1831 580 versuS‚
1857 531 1926 575 ubi

365 608 508 644 metus
549 606 630 644 iste
661 616 885 653 procorum
918 605 968 643 do
1000 605 1208 653 Penelope
1240 606 1291 643 ad
1324 607 1491 653 patrem
1524 606 1712 644 reditura
1744 617 1926 645 comme-

366 684 568 720 moretur.
612 682 725 719 Nihil
768 682 881 719 aliud
923 681 1068 718 nostro
1111 681 1202 718 loco
1245 681 1441 728 equidem
1484 682 1583 719 ferri
1615 693 1741 730 posse
1774 693 1926 721 censeo

366 768 494 805 quam
537 759 637 796 hoc:
676 759 867 806 „patrem
900 757 1134 804 Penelopes
1167 757 1281 795 adire
1315 758 1441 804 atque
1475 758 1525 795 ab
1558 768 1606 796 eo
1639 758 1700 796 ita
1731 760 1779 796 ut
1810 759 1927 806 leges

367 833 513 871 iubent
555 834 672 871 illam
706 844 886 872 uxorem
918 834 1074 882 petere,
1110 844 1162 871 ne
1195 833 1237 870 in
1270 835 1462 872 mentem
1495 834 1666 881 quidem
1700 835 1752 872 iis
1786 835 1926 873 venit:

366 909 500 947 immo
533 910 812 947 reformidant
843 910 989 948 illud.”
1022 910 1074 947 Et
1107 920 1187 957 quo
1220 910 1391 958 saepius
1424 910 1749 957 accuratiusque
1776 921 1928 948 versus

367 985 539 1023 52—54
583 986 782 1034 adspicio,
827 996 874 1024 eo
916 985 1057 1033 magis
1094 985 1201 1023 mihi
1234 986 1515 1033 persuadetur
1547 986 1667 1024 illam
1700 986 1839 1034 ipsam
1872 985 1928 1023 ibi

366 1062 626 1099 sententiam
675 1062 769 1110 legi,
814 1062 888 1099 sed
930 1062 1279 1109 interpolatorem
1307 1084 1374 1087 -—
1421 1063 1771 1110 interpolatorem
1813 1062 1929 1100 enim

367 1148 461 1175 esse
513 1139 583 1185 qui
631 1149 702 1176 eos
750 1138 871 1176 iratis
920 1137 1282 1176 consummaverit
1329 1138 1461 1176 Musis
1511 1160 1563 1165 —-
1611 1149 1696 1176 non
1737 1138 1929 1186 potuisse

366 1214 521 1251 melius
555 1225 651 1251 earn
684 1214 918 1252 enuntiare.
954 1214 1104 1252 Videte
1137 1214 1252 1252 enim
1285 1225 1414 1261 quam
1447 1214 1551 1252 dura
1579 1214 1636 1252 sit
1663 1215 1928 1262 pronominis

366 1290 534 1328 relativi
573 1290 768 1338 repetitio
801 1289 844 1327 in
876 1290 972 1327 istis
1006 1291 1089 1334 (51)
1124 1288 1168 1327 οἵ
1192 1291 1234 1328 et
1268 1291 1350 1335 ⁴152)
1386 1288 1432 1327 οῖ’.
1464 1290 1624 1328 DeInde
1658 1291 1853 1338 reputate
1886 1291 1929 1328 in

366 1377 449 1404 uno
482 1377 609 1404 versu
643 1367 696 1404 52
730 1377 814 1404 non
846 1366 991 1404 minus
1024 1376 1153 1413 quam
1184 1366 1279 1414 tria,
1316 1377 1447 1413 eaque
1481 1365 1752 1415 gravissima,
1783 1368 1931 1405 contra

366 1442 578 1480 sermonis
611 1442 717 1489 epici
749 1443 975 1489 praecepta
1008 1442 1263 1490 deprehendi
1292 1442 1458 1480 delicta.
1488 1442 1712 1480 Postremo
1741 1442 1927 1480 conside-

366 1520 457 1556 rate
500 1528 629 1565 quarn
671 1518 768 1565 apte
811 1517 1112 1565 eleganterque
1154 1528 1329 1555 versum
1373 1518 1424 1556 51
1461 1517 1647 1565 excipiat
1679 1519 1746 1556 55.
1781 1518 1929 1556 Nonne

367 1594 488 1631 vobis
515 1604 627 1631 nunc
654 1594 889 1632 verIsimile
918 1594 1085 1631 videtur
1111 1595 1200 1631 tres
1228 1593 1335 1631 istos
1363 1603 1514 1631 versus
1532 1594 1757 1641 impostori
1775 1594 1929 1643 deberi,

367 1671 437 1718 qui
476 1672 696 1718 praeterea
739 1670 793 1715 (id
836 1670 945 1717 quod
988 1671 1078 1708 tam
1122 1681 1248 1718 saepe
1291 1670 1333 1708 in
1370 1670 1677 1708 recentioribus
1717 1670 1933 1717 Odysseae

366 1747 558 1795 partibus
590 1747 753 1785 sactum
786 1748 864 1791 est)
898 1747 1026 1784 verbo
1062 1744 1219 1784 νέεσθαι
1253 1746 1419 1784 eundi
1453 1757 1631 1784 sensum
1659 1746 1932 1794 praebuerit?

367 1824 457 1861 Hoc
498 1823 585 1861 fere
628 1823 730 1861 dicit
771 1823 1012 1871 homuncio,
1058 1825 1184 1870 atque
1228 1823 1307 1861 hoc
1349 1823 1429 1860 sibi
1467 1823 1560 1861 vult
1592 1822 1700 1860 belle
1734 1822 1847 1860 istud
1881 1822 1931 1860 ab

367 1910 416 1937 eo
464 1898 613 1937 fictum
655 1899 941 1946 compositum
985 1896 1235 1949 ἀπερρίγασις
1285 1900 1478 1947 „patrem
1526 1898 1760 1946 Penelopes
1803 1898 1930 1947 adire,

368 1976 414 2013 ut
456 1975 546 2022 ipse
588 1973 721 2012 filiam
764 1985 945 2012 uxorem
989 1975 1087 2012 dare
1130 1975 1267 2022 possit
1311 1975 1377 2012 cui
1419 1974 1612 2012 velit...
1652 1975 1732 2012 hoc
1773 1974 1826 2012 iis
1858 1978 1932 2023 κῆρ

366 2050 536 2088 felduar
584 2046 722 2088 εἶναι.”
772 2051 867 2098 lpse
915 2051 985 2088 ille
1033 2051 1338 2088 vocabulorum
1386 2050 1760 2088 vehementiorum
1802 2060 1930 2097 quam

368 2138 440 2174 pro
489 2137 533 2164 re
575 2137 679 2164 usus
724 2127 790 2164 vel
832 2127 1024 2164 maxime
1068 2126 1291 2164 falsarium
1336 2126 1488 2174 arguit.
1532 2126 1584 2163 Et
1628 2136 1757 2173 quam
1799 2125 1933 2164 totius

369 2203 709 2250 interpolationis
739 2213 913 2240 causam
943 2213 1038 2240 esse
1067 2204 1353 2240 censeamus?
1370 2202 1533 2250 Nempe
1551 2202 1703 2240 vocula
1721 2199 1762 2239 δέ
1778 2212 1842 2240 vs.
1862 2203 1929 2251 55,

369 2289 497 2326 quam
541 2289 667 2316 suum
702 2279 782 2315 sibi
816 2276 885 2327 μέν
920 2278 1164 2326 oppositum
1197 2278 1411 2325 requirere
1444 2277 1669 2325 irnperitus
1701 2277 1830 2315 homo
1862 2288 1932 2325 pu-

367 2355 536 2393 taverit.

429 2508 482 2543 68
517 2517 606 2553 sqq,
644 2507 917 2544 Enumeratis
950 2506 1139 2543 miseriis
1173 2506 1324 2553 quibus
1354 2505 1621 2543 conflictatur
1648 2504 1710 2543 sic
1736 2504 1933 2543 flebiliter

369 2582 651 2620 Telemachus
684 2582 842 2629 pergit:

631 2656 811 2705 λίσσομαι
845 2654 940 2706 ἡμὲν
975 2655 1104 2706 Ζηνὸς
1135 2653 1349 2705 Ὀλυμπίου
1383 2653 1452 2706 ἠδὲ
1488 2653 1685 2705 Θέμιστος,

636 2732 659 2781 ἦ
692 2729 722 2769 τ’
760 2730 917 2782 ἀνδρῶν
951 2730 1095 2783 ἀγορὰς
1128 2729 1225 2781 ἠμὲν
1259 2732 1341 2770 λύει
1375 2729 1443 2781 ’ἡδὲ
1475 2731 1638 2777 καθίζει·

518 2811 572 2847 70
635 2806 786 2858 σχέσθε,
817 2808 937 2855 φίλοι,
967 2807 1035 2845 καί
1065 2803 1190 2857 μόἶον
1224 2806 1358 2845 ἐάσατε
1390 2805 1533 2845 πένθεϊ
1561 2810 1689 2861 λυγρῷ

634 2884 840 2934 τείρεσθαι.
