2030 3439
839 361 916 399 111

36 495 39 498 ·
98 481 241 531 ticula,
300 491 435 529 neque
491 483 721 530 quidquam
776 484 873 522 huic
920 485 1010 523 loco
1059 487 1199 534 aptius
1246 498 1373 533 «niam
1423 499 1652 535 promum-n

99 557 220 596 αὐτόν
261 559 370 605 quod
414 568 490 596 vos
532 559 744 597 inseritis:
793 561 954 607 „victor
996 562 1150 599 metuit
1193 573 1256 610 ne,
1302 564 1402 601 dum
1436 566 1566 602 telum
1603 578 1653 603 ··x

100 644 271 682 corpore
303 634 431 672 occisi
464 635 601 672 hostis
634 620 845 682 extrahat,
893 636 1009 683 ipse
1041 637 1298 675 occidatur.''
1334 638 1515 677 Remota
1548 651 1657 678 nunc

101 711 167 748 est
212 710 433 758 oppositio,
483 720 590 756 quae
639 709 739 747 olim
784 711 1051 758 ineptissime
1095 712 1205 750 inter
1246 723 1397 751 versus
1440 715 1491 752 97
1528 717 1569 753 et
1603 717 1656 753 98

101 784 416 833 instituebatur,
468 786 510 822 et
557 785 609 822 ad
655 795 789 823 unum
833 795 1006 824 versum
1051 787 1104 824 98
1148 787 1330 826 redacta.
1377 790 1455 827 Sed
1489 801 1540 828 ne
1574 791 1658 829 illic

102 861 273 908 quidem
316 860 417 898 ferri
458 861 611 908 potest.
656 858 765 906 ἀίξας
808 857 1078 909 ἠὲ...τύψας.
1122 862 1422 902 Contrariaene
1467 866 1576 903 inter
1613 877 1657 903 se

102 936 182 974 hae
214 946 282 973 res
314 937 446 974 sunt?
489 937 629 975 Immo
667 939 758 975 tam
792 940 997 985 cognatae
1028 940 1075 975 ut
1107 939 1242 977 altera
1275 941 1366 978 sine
1399 941 1533 979 altera
1566 952 1658 980 esse

102 1013 297 1059 nequeat.
343 1011 560 1060 Quomodo
602 1013 717 1050 enim
761 1014 1014 1051 cominus
1057 1014 1229 1052 feriat
1262 1015 1415 1062 aliquis
1447 1018 1515 1064 qui
1550 1028 1660 1055 nunc

102 1087 246 1134 procul
278 1088 367 1125 stat
398 1087 482 1125 nisi
512 1088 630 1136 prius
662 1089 888 1126 accurrat?
923 1089 1184 1137 Quapropter
1215 1099 1516 1138 proponerem:

338 1161 528 1216 φασγάνῳ
562 1161 673 1209 ἀΐξας
708 1160 775 1212 ἡδὲ
808 1161 1038 1213 προπρηνέα
1069 1164 1198 1213 τύψας

102 1238 184 1275 nisi
217 1238 361 1286 inepta
393 1239 608 1277 videretur
640 1239 876 1287 tautologia
908 1237 1051 1276 ἐλάσειε
1082 1239 1221 1287 τύψας.

166 1396 244 1434 101
279 1406 369 1443 sqq.
414 1396 633 1434 Eiusmodi
676 1407 774 1445 ergo
816 1397 1053 1445 periculum
1096 1409 1148 1436 ne
1191 1399 1268 1437 sibi
1314 1402 1355 1437 et
1397 1402 1573 1448 posthac
1606 1403 1660 1440 sit

103 1472 396 1521 metuendum,
441 1473 492 1510 ad
534 1474 698 1521 patrem
746 1474 878 1512 currit
920 1474 1202 1513 Telemachus
1245 1486 1426 1524 eumque
1470 1479 1531 1515 sic
1563 1479 1658 1517 allo-

103 1547 269 1595 quitur:

341 1618 370 1662 ὦ
402 1623 535 1675 πάτερ,
565 1622 643 1675 ἤδη
675 1639 732 1663 τοι
766 1624 884 1672 σάκος
917 1625 1010 1664 οἴσω
1044 1625 1110 1664 καὶ
1142 1626 1214 1666 δύο
1248 1627 1365 1678 δοῦρε

340 1697 406 1737 καὶ
438 1698 586 1750 κυνέην
617 1699 842 1752 πάγχαλκον
875 1699 938 1739 ἐπὶ
968 1699 1196 1751 κροτάφοισ’
1233 1702 1439 1755 ἀραρυῖαν,

339 1774 457 1822 αὐτός
488 1771 515 1814 τ’
551 1774 847 1827 ἀμφιβαλεῦμαι
880 1776 963 1825 ἰὼν,
996 1777 1107 1816 δώσω
1141 1776 1182 1816 δὲ
1215 1780 1369 1834 συβώτῃ

337 1849 403 1889 καὶ
433 1859 484 1906 τῷ
517 1852 695 1907 βουκόλῳ
729 1851 834 1891 ἄλλα·
868 1858 1121 1905 τετευχῆσθαι
1152 1854 1224 1906 γὰρ
1256 1854 1428 1906 ἄμεινον.

162 1927 326 1975 Ergone
358 1928 402 1966 in
434 1929 526 1977 ipsa
557 1929 628 1968 via
665 1929 762 1975 (ἰών)
792 1940 913 1968 arma
939 1931 1086 1969 induet
1111 1931 1424 1971 Telemachus?
1456 1934 1660 1973 Credibile

103 2004 182 2042 hoc
214 2004 257 2042 in
288 2006 411 2043 tanta
441 2006 729 2045 festinatione.
773 2007 830 2045 At
862 2007 975 2045 aliud
1008 2008 1106 2054 quid
1138 2007 1228 2046 fieri
1260 2009 1477 2048 videmus:
1512 2012 1658 2049 eodem

103 2081 219 2119 enim
266 2090 348 2128 quo
391 2082 520 2120 ceteri
561 2084 754 2130 tempore
801 2083 903 2120 illud
950 2082 1064 2130 facit,
1108 2093 1260 2131 nempe
1302 2095 1566 2124 reversus
1609 2087 1659 2124 ad

103 2157 269 2204 patrem
313 2159 389 2202 (vs.
437 2158 518 2196 112
551 2161 643 2206 sq.).
689 2157 944 2206 Corruptum
987 2169 1085 2206 ergo
1127 2169 1301 2199 versum
1345 2171 1495 2200 censeo
1535 2165 1659 2210 atque

105 2232 167 2270 sic
199 2232 520 2280 corrigendum:

340 2307 458 2355 αὐτός
489 2304 516 2347 τ’
553 2306 850 2360 ἀμφιβαλεῦμαι
884 2307 969 2360 ἐγὼ,
1002 2309 1114 2348 δώσω
1147 2307 1188 2348 δὲ
1223 2311 1388 2364 συβώτῃ.

163 2385 277 2432 Apta
324 2384 440 2422 enim
486 2385 585 2423 huic
631 2385 722 2423 loco
764 2386 934 2433 gravior
976 2386 1205 2433 emphasis
1252 2387 1407 2426 Parum
1447 2389 1661 2436 eleganter

105 2468 218 2497 nunc
250 2461 348 2507 post
379 2459 491 2498 δώσω
525 2457 566 2498 δὲ
599 2459 754 2514 συβῴτη
787 2461 938 2499 statim
970 2461 1125 2509 legitur
1156 2459 1217 2498 καὶ
1252 2468 1311 2514 τῷ
1345 2462 1522 2517 βουκόλῳ
1555 2462 1659 2502 ἄλλα.

105 2533 313 2581 Reditque
345 2536 539 2574 novicius
568 2536 638 2574 ille
671 2536 875 2574 articulus
908 2545 970 2573 vs.
1008 2536 1111 2573 114:

342 2603 394 2656 ὧς
427 2606 463 2648 δ’
499 2610 625 2657 αὐτῶς
658 2609 709 2649 τὼ
744 2607 833 2660 δμῶ’
872 2608 1068 2659 ἕδυέσθην
1100 2611 1231 2660 τεύχεα
1262 2611 1370 2648 καλά.

106 2683 345 2723 Retinenda
376 2686 461 2724 ista
493 2686 648 2725 aetatis
682 2696 832 2725 censeo
867 2685 1032 2734 indicia,
1068 2686 1298 2725 dummodo
1330 2697 1406 2726 suo
1435 2689 1658 2726 aestimen-

105 2759 175 2797 tur
207 2760 355 2807 pretio.

170 2909 250 2946 116
283 2918 373 2956 sqq.
408 2909 533 2947 Stant
564 2920 662 2957 ergo
695 2919 844 2947 omnes
877 2908 1031 2946 armati
1060 2910 1210 2947 dextra
1237 2910 1440 2958 laevaque
1468 2913 1658 2960 Ulyssis:
