2030 3439
838 361 916 397 109

91 484 171 522 sibi
214 483 318 521 velit
359 483 426 521 vel
469 483 678 530 quomodo
721 485 835 522 recte
867 485 934 523 hic
966 487 1063 533 poni
1097 488 1281 534 potuerit
1313 499 1395 526 non
1429 490 1562 528 video.
1599 492 1644 528 In

91 559 219 597 verbo
266 558 381 596 enim
430 559 494 596 est
543 559 658 596 notio
701 559 1109 599 satisfaciendi
1154 563 1219 600 vel
1263 564 1446 601 damni
1492 565 1643 602 illati

92 633 492 681 compensandi
540 633 606 671 vel
655 634 1005 673 restituendi
1048 637 1185 683 quod
1229 639 1519 677 ademeris.
1566 641 1644 677 Sed

92 709 132 747 id
174 709 245 756 qui
286 707 383 746 κατὰ
426 708 552 757 δῆμον
595 708 687 746 fieri
729 711 902 757 potest?
944 711 1035 749 Hoc
1078 712 1192 749 enim
1236 715 1301 750 est
1344 724 1436 760 per
1469 716 1643 753 totum

92 784 355 832 populum
386 785 639 832 poniturque
673 785 722 822 de
756 795 805 823 ea
837 797 880 823 re
913 787 964 824 ad
997 797 1126 834 quam
1159 787 1458 835 perficiendam
1491 791 1644 837 singuli

92 859 207 897 cives
251 860 338 897 sint
370 859 563 897 adeundi.
599 859 675 907 Qui
709 861 855 898 autem
887 861 1105 908 ingentem
1138 862 1291 901 debent
1324 865 1561 912 pecuniam,
1596 866 1646 903 ad

91 935 210 973 illam
257 936 583 983 persolvendam
631 936 730 983 quid
772 936 910 975 facere
952 935 1048 974 κατὰ
1091 937 1217 986 δῆμον
1260 940 1399 977 solent
1442 941 1506 978 vol
1550 952 1645 979 cum

91 1011 234 1058 aliqua
274 1010 385 1055 bona
426 1022 500 1059 spe
537 1012 749 1059 possunt?
782 1012 840 1050 Ut
873 1013 1020 1060 opinor
1052 1014 1390 1053 circumcursant
1422 1017 1644 1065 familiam,

93 1086 266 1134 amicos,
311 1088 447 1135 notos,
487 1086 667 1134 ignotos,
703 1087 883 1134 denique
916 1089 1055 1126 totum
1089 1090 1290 1137 populum
1326 1092 1377 1129 ad
1410 1092 1528 1129 illam
1563 1103 1645 1131 cor-

90 1162 334 1211 radendam‚
379 1163 492 1201 haud
534 1163 767 1201 dissimiles
809 1165 1103 1203 mendicorum
1137 1165 1206 1213 qui
1240 1167 1397 1214 stipem
1431 1168 1644 1215 colligunt.

90 1237 255 1285 Ergone
283 1236 526 1287 ἀγειράμειόι
557 1237 652 1274 κατὰ
681 1239 807 1287 δῆμον
836 1240 1141 1278 scribendum?
1169 1242 1237 1280 SIC
1265 1244 1377 1280 Certe
1404 1242 1499 1280 κατὰ
1522 1245 1646 1291 δῆμον

91 1314 188 1360 apto
236 1314 364 1351 verbo
411 1314 669 1361 adhaerebit,
714 1317 912 1362 recteque
955 1315 1056 1353 illud
1102 1317 1143 1354 in
1186 1318 1413 1364 praeterito
1456 1321 1646 1367 tempore

91 1388 172 1426 erit
213 1389 413 1437 positum,
457 1400 557 1427 nam
600 1391 648 1428 ut
689 1390 854 1428 solvere
891 1391 1028 1438 possit
1059 1391 1212 1439 aliquis
1244 1394 1493 1439 praecedere
1525 1395 1647 1432 debet

91 1475 369 1503 nummorum
412 1466 617 1504 collectio.
663 1466 818 1504 Contra
861 1467 1292 1506 satisfactionis
1331 1470 1373 1506 et
1406 1480 1645 1517 compen·

90 1542 338 1580 sationis
375 1543 676 1581 tantummodo
708 1543 870 1581 mentio
903 1543 993 1581 fieri
1019 1545 1161 1591 potest
1187 1545 1410 1592 tamquam
1438 1546 1509 1593 rei,
1539 1556 1646 1592 quae

90 1617 189 1655 data
236 1619 492 1665 acceptaque
539 1618 718 1666 pecunia
764 1618 956 1657 futura
1002 1619 1070 1667 sit,
1120 1630 1268 1667 neque,
1318 1621 1357 1657 id
1404 1621 1512 1667 quod
1560 1621 1644 1658 iam

91 1693 253 1731 dictum
301 1695 378 1741 est,
427 1694 514 1732 ulla
559 1704 750 1742 unquam
798 1695 1036 1733 satisfactio
1084 1694 1177 1732 κατὰ
1227 1695 1352 1744 δῆμον
1399 1695 1457 1734 fit.
1507 1697 1645 1734 Facile

90 1771 237 1808 tamen
269 1770 448 1808 verbum
481 1768 725 1819 ἀρέσσασθαι
758 1771 840 1809 huc
872 1772 1009 1819 potuit
1041 1772 1234 1820 irrepere,
1265 1773 1465 1819 quoniam
1493 1773 1535 1810 in
1562 1783 1645 1811 uno

91 1846 219 1884 verbo
247 1843 494 1895 ἁρεσσόμεθα
522 1848 747 1894 tamquam
775 1847 818 1885 in
847 1847 1108 1895 compendio,
1138 1848 1250 1885 inest
1276 1850 1366 1885 tota
1389 1848 1644 1895 Eurymachi

89 1922 236 1960 oratio.
281 1922 558 1970 Participium
601 1924 746 1960 autem
785 1920 1030 1972 ἀγειράμενοι
1070 1932 1153 1960 non
1186 1923 1340 1970 legitur
1373 1923 1483 1970 alibi,
1517 1923 1587 1960 sed
1626 1938 1644 1959 v

94 1998 145 2034 14
173 1997 329 2045 legitur
355 2007 529 2045 prorsus
557 2008 604 2035 eo
633 2007 775 2046 sensu,
805 2007 886 2044 quo
915 1997 983 2035 hic
1010 2008 1115 2044 opus
1143 1999 1219 2045 est,
1250 1998 1474 2044 additoque
1497 1998 1644 2035 eodem

90 2072 162 2110 illo
194 2070 291 2109 κατὰ
323 2071 471 2122 δῆμονί

269 2144 352 2185 ἀλλ’
389 2145 457 2199 ἄγε
487 2148 556 2186 foc
590 2148 719 2199 δῶμεν
750 2147 914 2199 τρίποδα
947 2146 1068 2199 μέγαν
1100 2145 1169 2197 ἠδὲ
1201 2146 1342 2198 λέβητα

270 2221 479 2274 ἀνδρακάς·
512 2217 606 2274 ἦμες
639 2220 675 2262 δ’
712 2218 804 2262 αὖτε
836 2222 1175 2275 ἀγειρόμενοι
1206 2222 1303 2261 κατὰ
1336 2223 1462 2273 δῆμον

269 2296 457 2348 τισόμεθ’.

152 2376 430 2425 Participium
463 2377 611 2415 aoristi
644 2377 773 2415 activi
805 2379 846 2415 et
878 2377 977 2415 alibi
1011 2378 1155 2415 exstat
1187 2379 1229 2415 et
1260 2392 1278 2414 τ
1314 2378 1417 2414 197;

271 2451 506 2502 δημόθεν
538 2448 668 2501 ἄλφιτ’
705 2450 832 2490 ἔδωκα
863 2450 929 2489 καὶ
961 2451 1112 2489 αἴθοπα
1144 2452 1285 2489 ,Ροῖνον
1317 2449 1498 2502 ἀγείρει
1512 2467 1541 2497 ς.

154 2600 205 2637 81
241 2610 302 2647 sq.
338 2600 492 2639 Stricto
525 2601 664 2648 gladio
697 2601 740 2638 in
771 2599 979 2647 Ulyssum
1012 2599 1190 2637 incurrit
1220 2599 1536 2646 Eurymachus:

663 2671 684 2713 ὃ
717 2671 756 2712 δ’
792 2672 939 2728 ὁμαρτῇ
973 2674 1054 2720 δῖος
1082 2671 1292 2720 Ὀδυσσεὺς

358 2749 420 2789 ἰὸν
451 2748 680 2801 ἀποπροϊεὶς
709 2747 816 2801 ’βάλε
850 2747 891 2788 δὲ
923 2753 1070 2800 στῆθος
1102 2748 1208 2799 παρὰ
1241 2749 1372 2797 μαζόν.

155 2825 222 2863 Sic
259 2825 398 2873 vulgo,
433 2825 696 2873 vitiossime;
731 2826 922 2873 praestat
954 2825 1133 2863 duorum
1167 2825 1360 2862 codicum
1392 2825 1515 2862 lectio
1549 2820 1642 2859 (arm

94 2900 233 2951 προίει,
273 2902 372 2949 quia
412 2902 620 2949 particula
663 2900 703 2938 δέ
745 2900 934 2948 postulat
965 2901 1221 2947 praecedens
1255 2899 1429 2937 verbum
1462 2898 1641 2946 finitum,
