2030 3439
1138 341 1189 380 18

379 466 481 505 illud
526 478 628 506 non
671 478 692 506 c
705 468 899 506 redere
933 467 1099 505 efficere
1132 468 1318 515 potuerit
1348 469 1396 506 ut
1428 467 1778 516 obstupescerent
1809 466 1938 515 proci.

377 543 537 581 Verum
570 543 662 591 lege

555 612 606 665 ὧς
639 614 772 668 ἔφαθ’,
804 619 842 656 οἳ
873 615 907 656 δ’
946 615 1022 655 ἀνὰ
1053 616 1188 668 θυμὸν
1220 616 1430 670 ἐθάμβεον·
1464 616 1588 657 οὐδέ
1617 614 1660 655 f’
1697 616 1891 668 ἔφαντο

554 692 590 740 ἐς
625 694 762 732 Πύλον
794 693 972 744 οἴχεσθαι
1004 692 1196 744 Νηλήϊον·

374 770 662 808 desideratum
711 770 812 807 illud
860 770 1101 808 subiectum
1149 770 1380 808 admodum
1423 770 1640 818 eleganter
1687 770 1937 809 restitutum

373 846 452 883 erit
494 847 536 882 et
578 845 723 883 omnia
765 846 879 883 recte
923 845 1033 883 inter
1075 855 1121 883 se
1156 837 1280 883 erunt
1317 845 1474 884 iuncta.
1510 846 1615 894 Quid
1649 846 1765 884 enim
1797 846 1937 894 magis

372 920 453 968 ipsi
494 921 797 959 convenienter
839 923 1018 959 naturae
1061 921 1224 959 dictum
1267 921 1347 960 erit
1385 932 1513 969 quam
1545 923 1648 960 hoc:
1687 922 1936 970 „obstupue-

371 997 471 1034 runt
502 1007 638 1044 neque
671 996 799 1036 fidem
832 997 1108 1036 habebant⁷'?
2027 1029 2030 1061 Ι

429 1149 510 1186 681
546 1159 637 1196 sqq.
674 1148 824 1187 Medon
857 1149 1014 1187 auditis
1048 1149 1226 1198 insidiis,
1263 1160 1368 1197 quas
1397 1150 1653 1188 Telemacho
1681 1150 1724 1188 in
1751 1151 1936 1198 patriam

370 1224 563 1261 redeunti
595 1225 711 1271 proci
745 1226 929 1273 struunt,
966 1225 1016 1262 ad
1049 1225 1291 1273 Penelopen
1318 1227 1539 1273 properat;
1569 1236 1697 1273 quem
1726 1226 1799 1264 illa
1826 1236 1939 1264 acce-

373 1299 547 1337 dentem
580 1301 641 1337 sic
674 1300 932 1348 interrogat:

609 1373 746 1426 κήρυξ,
781 1375 884 1413 τίπτε
918 1373 959 1413 δέ
991 1386 1031 1413 σε
1063 1375 1235 1426 πρόεσαν
1267 1382 1483 1428 μνηστῆρες
1516 1374 1670 1428 ἀγαυοί;

609 1444 633 1501 ἦ
667 1449 864 1502 εἰπέμεναι
897 1452 1074 1507 δμῳῇσιν
1101 1449 1318 1503 Ὀδυσσῆος
1349 1453 1477 1492 θείοιο

609 1526 764 1579 ,Ρέργων
797 1528 1044 1578 παύσασθαι,
1076 1527 1228 1567 αὐτοῖσι
1261 1526 1302 1567 δὲ
1337 1529 1449 1567 δαῖτα
1480 1527 1692 1576 πένεσθαι;

611 1602 662 1653 μὴ
696 1604 1004 1654 μνηστεύσαντες
1037 1601 1128 1655 μηδ’
1163 1601 1296 1643 ἄλλοθ’
1329 1603 1581 1655 ὁμιλήσαντες

610 1679 754 1717 ὕστατα
785 1678 851 1718 καὶ
883 1681 1042 1730 πύματα
1076 1686 1151 1718 νῦν
1184 1679 1330 1719 ἐνθάδε
1360 1680 1622 1731 δειπνήσειαν.

430 1754 566 1803 Quam
613 1756 867 1795 ultimorum
914 1768 1119 1796 versuum
1166 1758 1410 1796 versionem
1458 1757 1693 1796 exhibetis:
1742 1758 1935 1806 „utinam

370 1840 422 1867 ne
454 1841 635 1869 uxorem
668 1843 737 1870 me
770 1834 964 1881 peterent
996 1844 1132 1880 neque
1166 1834 1340 1871 omnino
1373 1844 1443 1872 me
1476 1834 1677 1882 viserent,
1708 1834 1782 1871 sed
1810 1833 1934 1872 hodie

370 1906 573 1946 ultimum
616 1909 684 1946 hic
727 1910 996 1958 coenarent'',
1043 1919 1139 1947 eam
1182 1909 1379 1957 equidem
1421 1910 1598 1958 probare
1630 1919 1806 1957 nequeo.
1840 1909 1934 1947 Non

369 1986 484 2023 enim
517 1986 640 2023 aliter
672 1996 744 2023 eos
773 1987 938 2024 vertere
966 1986 1066 2024 licet
1093 1996 1222 2034 quam
1251 1986 1334 2023 sic:
1368 1986 1561 2034 „utinam
1587 1985 1793 2024 ultimum
1819 1995 1932 2023 nunc

369 2061 437 2098 hic
481 2063 720 2110 coenarent,
764 2071 901 2109 neque
943 2072 1013 2100 me
1055 2062 1099 2100 in
1140 2061 1467 2100 matrimonium
1509 2062 1644 2110 petita
1681 2072 1817 2109 neque
1850 2061 1932 2099 alio

370 2138 562 2184 tempore
604 2147 776 2175 mecum
824 2137 1083 2185 congressi&
1132 2137 1249 2175 Haec
1295 2138 1443 2175 tamen
1490 2147 1619 2175 sensu
1668 2147 1791 2175 cassa
1837 2146 1932 2175 esse

372 2212 657 2250 libentissime
688 2212 809 2250 vobis
843 2213 1038 2251 concedo.
1074 2212 1188 2261 Quae
1221 2212 1336 2251 enim
1368 2213 1453 2251 ista
1480 2214 1547 2251 est
1573 2212 1805 2261 oppositio:
1834 2227 1932 2262 μνη-

371 2287 597 2333 στεύσαντες
626 2289 668 2326 et
694 2283 827 2325 ἄλλοθ’
859 2285 1122 2338 ὁμιλήσαντες,
1153 2290 1195 2326 et
1223 2288 1321 2335 quid
1349 2288 1522 2327 omnino
1550 2288 1630 2326 sibi
1657 2288 1772 2326 istud
1800 2285 1932 2326 ἄλλοτε

369 2363 494 2400 vult?
538 2364 642 2412 Quid
685 2364 794 2411 quod
837 2364 865 2401 ii
898 2364 968 2411 qui
1001 2364 1190 2411 aliquam
1221 2364 1448 2402 mulierem
1480 2374 1717 2411 numquam
1749 2374 1931 2402 uxorem

369 2438 595 2488 petierunt,
626 2450 929 2486 nunquamque
958 2450 1055 2477 cum
1083 2450 1134 2478 ea
1160 2441 1262 2478 sunt
1289 2440 1506 2488 congressi
1533 2450 1669 2487 neque
1696 2440 1812 2488 proci
1829 2441 1931 2478 sunt

370 2524 506 2560 neque
539 2514 620 2552 dici
651 2516 844 2562 possunt.
880 2514 962 2553 Cur
994 2516 1098 2553 viris
1131 2526 1236 2563 quos
1268 2526 1488 2563 nunquam
1514 2515 1670 2554 viderit
1695 2515 1929 2564 perniciem

369 2589 627 2637 imprecetur
654 2590 895 2637 Penelope?
925 2590 1003 2627 Sed
1023 2592 1172 2638 aptum
1189 2601 1366 2628 sensum
1385 2601 1439 2628 ex
1456 2591 1528 2629 illo
1546 2589 1598 2640 μὴ
1613 2621 1619 2628 .
1634 2621 1641 2628 .
1655 2621 1662 2628 .
1677 2588 1929 2641 ὁμιλήσαντες

366 2675 502 2712 neque
546 2675 621 2712 ego
664 2665 851 2703 extundo
894 2675 1042 2713 neque,
1077 2666 1114 2703 si
1146 2665 1245 2713 quid
1278 2665 1412 2715 video,
1448 2666 1655 2704 extundet
1687 2666 1927 2714 quisquam.

366 2739 552 2778 Inseruit
599 2740 714 2777 enim
762 2740 1082 2787 ineptissimum
1138 2751 1314 2779 Versum
1361 2741 1586 2789 imperitus
1633 2741 1926 2792 interpolatur,

365 2815 435 2861 qui
483 2815 675 2853 subitum
723 2815 845 2853 illum
887 2817 1120 2854 transitum
1169 2818 1219 2855 ab
1263 2817 1596 2866 interrogatione
1639 2819 1690 2856 ad
1724 2819 1925 2866 impreca-

362 2890 525 2927 tionem
574 2901 656 2928 non
706 2893 997 2938 concoqueret.
1050 2891 1128 2929 Sed
1177 2893 1377 2939 quamvis
1425 2893 1569 2940 inepta
1615 2893 1673 2931 sit
1714 2893 1926 2932 medicina
