2030 3439
544 925 887 998 LIBER
949 927 1210 997 XVII.

162 1230 214 1267 10
258 1239 348 1277 sqq.
393 1230 458 1268 Ad
501 1230 649 1268 urbem
690 1230 961 1278 proficiscens
1009 1230 1289 1269 Telemachus
1332 1230 1517 1268 Eumaeo
1549 1229 1651 1267 haec

98 1304 298 1343 mandat:

333 1379 399 1418 τὸν
431 1380 558 1427 ξεῖνον
591 1380 786 1431 δύστηνον
817 1377 872 1432 ἄγ’
910 1379 947 1427 ἐς
978 1380 1105 1429 πόλιν,
1137 1378 1242 1430 ὄφρα
1274 1394 1315 1417 κε
1347 1382 1449 1417 κεῖθι

333 1456 446 1494 δαῖτα
476 1457 664 1511 πτωχεύῃ·
699 1457 813 1495 δώσει
847 1455 888 1495 δέ
918 1458 986 1495 foc
1019 1456 1059 1503 ὅς
1091 1453 1121 1494 κ’
1158 1454 1314 1510 ἐθέλῃσι

332 1532 486 1583 πύρνον
518 1531 583 1570 καὶ
616 1533 794 1582 κοτύλην·
829 1530 893 1582 ἐμὲ
926 1529 963 1570 δ’
1000 1530 1046 1570 οὔ
1079 1546 1160 1577 πως
1193 1530 1294 1569 ἔστιν
1327 1530 1501 1576 ἅπαντας

333 1605 575 1659 ἀνθρώπους
608 1606 816 1659 ἀνέχεσθαι
849 1607 983 1659 ἔχοντά
1014 1621 1084 1658 περ
1117 1605 1232 1658 ἄλγεα
1264 1610 1393 1660 θυμῷ.

334 1679 354 1721 ὃ
388 1683 511 1730 ξεῖνος
544 1680 578 1722 δ’
616 1684 655 1722 εἴ
679 1698 750 1735 περ
783 1684 884 1734 μάλα
917 1683 1057 1733 μηνίει,
1089 1681 1224 1734 ἄλγιον
1257 1681 1360 1736 αὐτῷ

334 1757 491 1797 ἔσσεται·
523 1753 547 1809 ἦ
575 1758 649 1811 γὰρ
682 1758 765 1809 ἐμοὶ
798 1756 873 1807 φίλ’
909 1757 1059 1809 ἀληθέα
1093 1757 1367 1807 μυθήσασθαι.

157 1833 230 1871 Bis
257 1844 328 1872 me
354 1835 423 1873 hic
450 1835 626 1874 offendit
653 1836 909 1874 vocabulum
938 1833 958 1872 ὅ
984 1837 1207 1881 tamquam
1232 1834 1435 1871 articulus
1454 1833 1653 1881 positum.

99 1909 293 1948 Primum
335 1921 397 1949 vs,
446 1912 510 1950 10.
554 1912 664 1949 Nam
707 1912 815 1959 quod
858 1911 909 1949 ad
952 1911 1070 1948 illum
1110 1910 1382 1947 Aristarchus
1416 1908 1655 1947 conferebat

102 1985 138 2020 Φ
170 1985 252 2023 317
287 1986 382 2033 quis
415 1997 498 2025 non
527 1987 643 2025 videt
671 1988 878 2034 quantum
907 1986 1107 2023 intersit?
1136 1985 1225 2022 Illic
1256 1985 1368 2022 enim
1399 1984 1656 2021 Scamander

99 2059 330 2099 Simoentis
377 2063 588 2100 auxilium
636 2064 783 2100 contra
828 2061 1041 2099 Achillem
1089 2061 1270 2107 invocat,
1321 2062 1363 2097 et
1406 2069 1532 2106 qua-m
1577 2058 1656 2096 sibi

98 2145 352 2182 persuasum
395 2137 551 2176 habeat
593 2138 713 2176 illum
758 2137 808 2175 ab
853 2136 1058 2174 ambobus
1101 2136 1263 2174 victum
1302 2135 1656 2182 profligatumque

100 2210 151 2248 iri
183 2211 245 2249 sic
276 2211 511 2259 significat:

336 2284 438 2336 φημὶ
469 2285 542 2338 γὰρ
576 2285 663 2325 οὔτε
696 2286 788 2337 βίην
820 2281 1111 2336 χραισμησέμεν’
1149 2282 1236 2323 οὔτε
1268 2299 1302 2322 τι
1333 2284 1467 2330 Ῐεῖδος

336 2359 424 2399 οὔτε
456 2360 502 2399 τὰ
533 2362 668 2412 τεύχεα
700 2361 810 2399 καλά.

159 2436 375 2485 Quantum
407 2437 476 2475 hic
508 2437 753 2476 acerbitatis
787 2437 897 2475 inest
926 2437 967 2474 in
995 2436 1136 2474 verbis
1163 2433 1207 2472 τὰ
1234 2435 1367 2485 τεύχεα
1394 2434 1517 2472 naid:
1547 2435 1657 2472 ista

101 2512 336 2560 pulchra
383 2522 554 2561 arma,
605 2523 817 2560 quamque
865 2513 957 2560 ipsa
1004 2511 1213 2549 acerbitas
1261 2511 1381 2548 decet
1428 2511 1554 2548 deum
1598 2510 1659 2547 ira

100 2587 336 2625 incensum.
371 2587 429 2625 At
459 2587 528 2625 hic
559 2587 626 2626 τόν
658 2588 717 2625 nil
750 2588 832 2625 nisi
863 2585 906 2624 τὸ
938 2584 1099 2636 κεχηνὸς
1127 2590 1195 2623 τοῦ
1220 2583 1359 2635 μέτρου
1388 2585 1548 2633 implet.
1579 2584 1657 2622 Sed

101 2663 404 2710 corruptumne
430 2672 606 2700 versum
633 2663 773 2701 dicam
801 2673 854 2700 an
882 2661 1078 2709 imperite
1107 2662 1321 2699 structum
1343 2660 1529 2698 incertus
1547 2670 1656 2697 sum.

101 2737 245 2784 Neque
277 2737 422 2775 minus
453 2737 687 2776 molestum
719 2737 826 2775 mihi
859 2747 921 2774 vs.
960 2738 1010 2774 14
1044 2732 1063 2773 ὃ
1099 2736 1232 2781 ξεῖνος.
1268 2735 1342 2773 Ille
1377 2745 1477 2772 vero
1511 2744 1659 2771 versus

100 2812 200 2859 quid
232 2812 406 2850 omnino
439 2812 518 2850 sibi
552 2813 656 2851 velit
688 2823 771 2850 non
804 2814 974 2860 exputo.
1009 2812 1075 2848 An
1109 2811 1186 2848 hoc
1220 2810 1321 2848 dicit
1354 2808 1658 2847 Telemachus:

106 2887 200 2935 „hic
227 2897 326 2925 vero
355 2887 522 2936 hospes,
551 2888 587 2925 si
614 2888 722 2925 mihi
749 2887 1015 2925 succensebit
1043 2885 1166 2933 (quod
1194 2885 1426 2923 mendicari
1455 2894 1500 2921 se
1518 2883 1658 2921 sinam
