2030 3439
1103 368 1156 405 28

352 495 627 543 scriptoribus
667 494 886 542 poetisque
925 492 1096 530 Graecis
1127 491 1238 529 tanti
1269 491 1350 529 fuit
1381 492 1428 529 ut
1461 491 1552 528 eius
1585 499 1714 527 causa
1746 488 1905 526 Graeco

353 570 539 607 sermoni
588 570 675 606 vim
721 569 921 606 facerent.
965 567 1055 605 Hoc
1097 568 1245 604 tamen
1285 566 1441 604 vitium
1482 566 1633 613 poetae
1675 563 1926 602 obtrudunt·

352 644 553 682 Kratzius
592 645 802 690 ceterique
830 652 980 681 omnes
1013 642 1084 689 qui
1116 643 1267 690 putent
1299 641 1549 689 pronomine
1581 640 1649 677 foa
1681 639 1750 677 hic
1781 638 1904 686 Ulys-

352 730 445 758 sem
472 719 702 767 significari
728 728 865 766 posse.
895 717 987 755 Non
1015 718 1129 755 enim
1157 717 1278 754 salva
1305 717 1510 754 orationis
1531 716 1748 753 structura
1764 714 1906 752 locum

352 796 546 833 nostrum
588 795 711 832 aliter
752 804 881 841 quam
922 793 984 830 sic
1025 792 1297 840 interpretari
1332 792 1453 829 licet:
1492 801 1540 839 „o
1573 790 1741 828 utinam
1772 789 1906 827 talem

351 870 552 907 haberem
598 869 816 917 maritum,
865 869 936 915 qui
982 868 1051 906 hic
1096 867 1310 905 habitaret
1356 867 1510 914 quique
1553 866 1794 914 (postquam
1836 874 1907 902 me

351 955 529 983 uxorem
563 945 769 989 duxisset)
803 944 871 981 hic
903 953 1077 981 manere
1109 943 1396 980 decerneret.”
1430 942 1569 980 Verba
1601 951 1699 989 ergo
1733 941 1905 989 Graeca,

352 1031 459 1067 quae
491 1030 602 1058 nunc
633 1020 843 1068 leguntur,
874 1019 995 1057 unice
1023 1020 1122 1067 apta
1149 1020 1250 1056 sunt
1276 1019 1432 1066 virgini
1459 1018 1597 1067 alicui,
1627 1028 1735 1065 quae
1763 1028 1908 1056 amore

351 1097 466 1133 tacta
522 1095 723 1143 praefecti
772 1095 989 1142 copiarum
1031 1095 1363 1142 maritimarum,
1407 1094 1468 1131 1111
1510 1104 1556 1132 se
1598 1094 1756 1132 nubere
1799 1093 1908 1131 velle

353 1171 548 1218 declaret,
596 1171 826 1208 dummodo
874 1171 1055 1208 honesta
1101 1170 1332 1218 impetrata
1378 1170 1584 1207 missione
1631 1170 1818 1217 aliquem
1865 1170 1909 1206 in

352 1247 456 1294 ipsis
496 1247 658 1294 patriae
699 1245 854 1283 finibus
896 1246 1072 1293 incipiat
1113 1247 1341 1293 quaestum
1379 1245 1569 1283 familiae
1602 1244 1910 1283 sustentandae

352 1322 573 1360 idoneum:
622 1332 775 1370 „quem
817 1322 931 1359 enim
976 1332 1069 1360 esse
1108 1321 1306 1369 quamvis
1340 1321 1498 1368 egregii
1529 1321 1675 1359 mariti
1706 1315 1907 1368 fructum,

354 1398 424 1445 qui
466 1398 645 1435 vixdum
689 1398 913 1435 celebratis
955 1398 1116 1445 nuptiis
1158 1408 1314 1435 navem
1354 1397 1622 1445 conscendat,
1656 1397 1817 1435 bellum
1844 1407 1910 1444 ge-

353 1475 498 1511 sturus
531 1483 628 1511 cum
660 1473 811 1520 piratis
837 1474 1082 1511 remotasve
1109 1474 1259 1520 gentes
1286 1472 1542 1510 subacturus
1554 1473 1601 1510 ‘?”
1629 1472 1682 1510 Et
1709 1471 1911 1519 quoniam

353 1559 437 1586 non
479 1558 528 1586 ea
568 1549 649 1586 fuit
691 1549 934 1586 Phaeacum
976 1548 1066 1586 vita
1107 1549 1155 1586 ut
1195 1548 1387 1585 virorum
1428 1547 1566 1585 maior
1607 1557 1706 1595 pars
1737 1557 1912 1595 peregre

353 1625 541 1661 aetatem
573 1624 785 1671 degerent,
821 1624 1053 1661 absurdum
1085 1624 1254 1661 videtur
1285 1623 1346 1660 ita
1377 1623 1624 1670 loquentem
1655 1623 1914 1661 Nausicaam

353 1700 562 1737 inducere.
596 1699 686 1747 Illa,
721 1699 821 1737 licet
853 1709 952 1736 eum
984 1709 1070 1737 non
1101 1699 1296 1737 nominet
1329 1699 1397 1736 vel
1431 1699 1576 1746 aperte
1609 1697 1833 1747 significet,
1863 1699 1914 1736 de

353 1775 441 1812 solo
479 1775 635 1822 Ulysse
668 1775 848 1822 cogitat:
886 1775 957 1821 qui
990 1775 1333 1822 quandoquidem
1365 1785 1470 1813 non
1502 1775 1668 1813 habitat
1701 1776 1911 1823 Scheriae‚

354 1850 405 1887 ad
432 1850 554 1887 11111111
581 1860 665 1888 non
691 1850 831 1897 magis
858 1860 987 1897 quam
1016 1850 1067 1887 ad
1095 1850 1339 1888 Phaeacum
1367 1861 1628 1898 quemquam
1656 1852 1916 1889 conveniunt

354 1925 504 1962 verba:

589 1997 734 2037 ἐνθάδε
764 1999 955 2038 ναιετάων
986 2000 1055 2038 καί
1082 2001 1151 2038 fol,
1182 2000 1303 2038 fofflot
1336 1999 1480 2038 αὐτόθι
1514 2000 1680 2049 μίμνειν.

414 2074 569 2122 Quodsi
601 2086 670 2113 me
703 2077 861 2123 rogetis
894 2076 992 2123 quid
1024 2076 1143 2124 mihi,
1179 2076 1250 2123 qui
1283 2078 1523 2114 ceterorum
1556 2077 1775 2124 opiniones
1806 2077 1913 2115 refu-

354 2151 445 2187 tare
477 2150 561 2187 sim
594 2152 783 2199 conatus,
818 2161 970 2189 verum
1005 2152 1208 2200 videatur,
1245 2152 1331 2189 leni
1358 2153 1656 2191 emendatione
1685 2163 1790 2201 opus
1820 2163 1914 2191 esse

354 2226 645 2274 respondeam,
682 2237 763 2273 qua
794 2237 945 2265 versus
978 2227 1039 2265 sic
1070 2226 1324 2274 refingat-ur:

590 2299 734 2338 ἐνθάδε
766 2302 955 2339 ναιετάων
987 2300 1012 2352 ἢ
1045 2298 1074 2355 ᾧ
1105 2302 1225 2340 ,Ράδοι
1259 2301 1403 2340 αὐτόθι
1435 2303 1600 2352 μίμνειν,

416 2376 615 2413 Maritum
653 2377 789 2423 qualis
823 2380 888 2415 est
920 2378 1101 2425 Ulysses
1134 2378 1214 2415 sibi
1247 2380 1422 2426 exoptat
1453 2379 1686 2417 Nausicaa:
1720 2390 1774 2417 ex
1806 2380 1912 2428 ipso-

357 2461 453 2487 rum
495 2451 737 2489 Phaeacum
778 2453 1054 2500 potissimum
1097 2464 1288 2491 numero.
1335 2454 1415 2491 Sed
1457 2455 1659 2501 quonia-m
1701 2455 1834 2493 talem
1871 2455 1914 2492 in

357 2526 495 2563 insula
524 2536 598 2563 sua
626 2537 762 2573 neque
791 2528 895 2565 vidit
923 2539 1112 2575 unquam
1139 2539 1275 2576 neque
1304 2539 1398 2566 esse
1426 2530 1569 2577 credit,
1600 2530 1751 2568 statim
1774 2530 1912 2568 addit:

361 2631 376 2648 ,,
387 2601 443 2638 sit
474 2601 571 2638 licet
598 2602 857 2650 peregrinus,
887 2603 1117 2641 dummodo
1145 2604 1213 2641 hic
1240 2605 1456 2642 maneat.”
1485 2605 1595 2642 Nam
1623 2607 1665 2643 et
1691 2605 1913 2653 peregrino

357 2677 397 2712 et
436 2686 538 2713 mox
575 2677 812 2723 profecturo
846 2689 891 2716 se
923 2679 1080 2717 nubere
1113 2690 1198 2717 non
1230 2690 1354 2727 posse
1386 2680 1514 2727 probe
1546 2681 1758 2729 intelligit.
1793 2681 1914 2719 Nunc

358 2751 461 2788 nihi]
505 2751 748 2790 dissimulat
789 2753 967 2791 candida
1003 2755 1135 2803 virgo,
1170 2755 1244 2792 sed
1277 2755 1384 2792 satis
1417 2755 1668 2802 simpliciter
1700 2766 1746 2794 se
1779 2756 1913 2804 ipsius

357 2826 528 2872 Ulyssis
555 2837 700 2864 amore
727 2829 889 2865 tactam
917 2829 1086 2867 indicat.
1118 2830 1160 2867 Si
1179 2830 1246 2867 cui
1262 2831 1422 2877 tamen,
1442 2830 1607 2868 Kratzii
1625 2831 1912 2879 disputatione

358 2902 562 2948 permoto,
621 2901 689 2939 hic
745 2903 963 2940 tantum
1020 2914 1123 2942 non
1170 2905 1542 2943 nominandus
1589 2916 1684 2943 esse
1731 2906 1912 2955 Ulysses
