2030 3439
895 379 946 416 91

142 500 382 538 Vertendus
413 500 520 538 alter
551 511 700 539 versus
732 502 793 539 sic
826 503 934 540 fore:
983 512 1281 549 „nunquamne
1314 512 1412 549 orgo
1445 502 1613 539 desines
1647 502 1696 539 de

142 585 295 624 genere
337 585 433 613 meo
461 577 651 623 rogare.”
686 577 854 615 Etenim
887 575 938 614 ἔτι
971 575 1197 625 ἀπολλήξεις
1235 578 1277 615 et
1310 575 1360 613 ἔτι
1395 574 1625 625 ἀπολλήξειν
1659 575 1698 613 σέ

142 665 244 700 φημι
291 651 378 689 est:
431 652 600 698 „veniet
651 652 875 699 aliquando
923 654 1094 700 tempus
1138 652 1238 690 illud
1282 662 1362 700 quo
1406 654 1451 690 tu
1485 652 1697 690 desinas.”

141 725 246 763 Vide
278 735 386 773 quae
418 726 531 764 dicta
562 728 663 764 sunt
695 728 745 765 ad
779 727 799 772 ζ
830 728 926 766 257.
961 727 1187 765 Molestum
1221 729 1364 765 autem
1395 727 1506 765 istud
1533 726 1599 764 τόν
1627 729 1701 765 aut

141 801 450 840 removendum
483 803 556 840 aut
588 804 811 850 tamquam
843 804 1014 851 signum
1046 803 1294 841 recentioris
1333 803 1487 841 aetatis
1521 803 1699 840 retinen-

142 876 257 914 dum.
291 875 351 915 Cf.
385 887 448 915 VS.
486 878 567 915 196
602 880 680 923 τοῖς
711 874 852 915 &Mons
889 876 1037 928 ἑτάροις
1070 881 1112 916 et
1140 874 1197 926 ἅμ’
1236 876 1350 930 αὐτῷ.

202 1028 283 1066 221
331 1038 421 1075 sqq.
481 1027 730 1067 Cretensem
785 1038 883 1076 ergo
931 1038 977 1066 se
1026 1028 1207 1075 Ulysses
1260 1028 1448 1076 simulat,
1498 1028 1700 1075 Ulyssem

142 1105 288 1142 autem
335 1103 507 1141 Troiam
549 1103 889 1151 proficiscentem
932 1104 1073 1141 ventis
1113 1104 1215 1141 olim
1248 1102 1418 1141 Cretam
1452 1103 1643 1141 ablatum
1677 1114 1701 1141 a

142 1191 188 1218 se
234 1179 348 1218 domi
390 1181 621 1227 receptum.
667 1180 802 1227 Rogat
845 1181 990 1217 autem
1034 1179 1253 1227 Penelope,
1289 1178 1423 1226 decipi
1458 1179 1617 1226 nolens,
1654 1181 1700 1217 ut

141 1255 222 1293 sibi
266 1254 472 1302 Ulyssem
519 1255 661 1303 ipsum
708 1255 919 1293 describat
966 1256 1007 1292 et
1051 1255 1257 1292 vestitum
1303 1254 1577 1301 comitesque.
1623 1254 1702 1292 Hic

142 1330 374 1368 simulatus
405 1330 651 1369 mendicus:

380 1399 410 1443 ὦ
440 1405 572 1457 γύναι,
602 1403 792 1456 ἀργαλέον
824 1403 963 1443 τόσσον
995 1403 1136 1455 χρόνον
1168 1402 1290 1453 ἀμφὶς
1324 1402 1436 1442 ἐόντα

378 1477 587 1530 ,Ρειπέμεν’·
620 1478 697 1530 ἤδη
729 1479 801 1532 γάρ
834 1481 902 1518 foa
935 1478 1156 1518 e'setnoovbv
1187 1477 1299 1524 fs'tog
1333 1477 1422 1528 ἐστὶ,

378 1554 415 1603 ἐξ
448 1550 496 1594 οὗ
528 1559 662 1594 κεῖθεν
694 1554 764 1606 ἔβη
797 1553 862 1592 καὶ
895 1553 988 1605 ἐμῆς
1022 1553 1244 1604 ἀπελήλυθε
1276 1553 1436 1604 πάτρης.

202 1631 376 1670 Codices
417 1632 530 1670 haud
572 1632 693 1680 pauci
737 1631 869 1669 altero
913 1640 1040 1669 versu
1076 1640 1150 1678 pro
1195 1630 1262 1667 foa
1291 1630 1450 1667 habent
1481 1643 1558 1678 μοι,
1593 1629 1701 1676 quod

143 1707 315 1746 etiamsi
357 1707 402 1745 in
443 1707 559 1745 nullo
602 1707 814 1755 legeretur
854 1706 960 1744 libro
993 1705 1297 1753 manuscripto,
1333 1706 1479 1743 tamen
1511 1704 1580 1742 hic
1611 1706 1701 1742 erat

141 1782 383 1831 legendum,
433 1782 532 1830 quia
571 1781 639 1819 for
681 1781 732 1820 ab
776 1781 854 1819 hoc
895 1781 986 1819 loco
1025 1781 1226 1818 alienum.
1261 1780 1390 1818 Recte
1422 1780 1633 1827 legeretur
1664 1780 1701 1817 si

142 1857 223 1906 hic,
271 1858 319 1895 ut
364 1858 444 1895 hoc
489 1859 587 1896 utar
629 1857 838 1905 exemplo,
882 1866 1023 1895 sermo
1066 1857 1181 1894 esset
1222 1856 1272 1893 de
1316 1855 1455 1902 aliquo
1483 1854 1701 1893 absentiae

141 1935 335 1981 tempore
376 1932 524 1980 Ulyssi
566 1933 668 1971 fatis
711 1932 923 1970 destinato
957 1933 999 1969 et
1035 1931 1096 1969 sic
1130 1930 1456 1969 ratiocinaremr
1487 1931 1702 1967 narrator:

146 2009 259 2056 „iam
307 2008 541 2046 vicesimus
588 2008 657 2046 hic
695 2007 843 2055 Ulyssi
881 2016 1017 2045 annus
1051 2006 1168 2044 venit
1200 2016 1221 2043 e
1254 2016 1335 2052 quo
1379 2005 1502 2043 Creta
1534 2004 1704 2043 Troiam

142 2084 238 2122 vela
271 2083 408 2122 dedit:
444 2083 515 2131 qui
547 2093 644 2121 cum
680 2082 824 2121 fatalis
856 2092 992 2120 annus
1026 2081 1094 2129 sit,
1129 2091 1232 2119 mox
1265 2081 1332 2118 hic
1365 2080 1500 2118 aderit
1532 2074 1702 2123 ille.'’¹).

145 2158 203 2196 At
234 2168 347 2196 nunc
374 2159 698 2206 commemorat,
729 2167 836 2204 quae
869 2166 937 2194 res
969 2155 1077 2193 sibi
1112 2155 1252 2193 obstet
1280 2155 1507 2202 quominus
1534 2153 1704 2201 Ulyssis

144 2233 340 2272 habitum
381 2234 551 2271 vultum
595 2235 735 2271 cetera
767 2231 975 2269 memoria
1015 2232 1171 2268 teneat.
1211 2229 1337 2277 „Mihi
1369 2229 1438 2267 hic
1469 2239 1606 2267 annus
1640 2229 1704 2266 est

147 2307 381 2347 vicesimus
414 2318 469 2346 ex
501 2318 582 2355 quo
614 2308 685 2345 ille
718 2306 843 2346 Creta
875 2306 1005 2344 abiit''
1040 2315 1212 2353 prorsus
1245 2305 1357 2343 idem
1391 2306 1456 2342 est
1489 2314 1559 2341 ac:
1593 2303 1703 2350 „iam

146 2385 300 2433 viginti
331 2386 433 2423 sunt
466 2384 566 2423 anni
599 2395 652 2422 ex
688 2394 769 2432 quo
802 2393 878 2430 ego
912 2393 1011 2420 eum
1043 2382 1170 2419 vidi”.

207 2536 291 2575 350
323 2546 385 2583 sq.
419 2535 499 2573 His
531 2534 672 2573 verbis
705 2534 918 2583 hospitem
950 2532 1096 2571 laudat
1128 2531 1357 2579 Penelope:

183 2729 204 2764 ¹)
223 2729 267 2758 Cf.
286 2742 309 2760 ω
327 2732 381 2759 309
398 2737 468 2765 sqq,
485 2731 541 2759 ubi
560 2730 595 2759 in
614 2729 804 2759 narratione
823 2728 957 2763 Ulyssis
987 2727 1029 2756 ad
1047 2728 1176 2762 patrem
1198 2725 1279 2754 haee
1297 2726 1465 2761 leguntur:

519 2784 617 2822 αὐτὰρ
639 2782 780 2819 Ὀδυσσῆι
805 2782 873 2810 τόδε
898 2781 934 2817 δὴ
958 2781 1098 2816 πέμπτον
1124 2775 1220 2813 ,Ρέτος
1244 2780 1319 2813 ἐστὶ,

521 2835 551 2869 ἐξ
576 2833 612 2864 οὗ
635 2838 738 2864 κεῖθεν
762 2835 815 2873 ἔβη
840 2834 887 2862 καὶ
914 2835 984 2870 ἐμῆς
1007 2834 1181 2869 ἀπελήλυθε
1209 2833 1332 2871 πάτρης.

146 2884 167 2912 1.
184 2891 210 2912 e.
238 2884 323 2919 „iam
352 2883 489 2917 quintus
516 2884 569 2912 hic
598 2891 705 2912 annus
733 2891 773 2912 ex
803 2889 866 2916 quo
894 2882 1034 2916 Ulysses
1061 2881 1151 2908 illine
1171 2880 1274 2908 abiit:
1297 2879 1351 2913 qui
1373 2885 1446 2906 cum
1474 2878 1618 2905 nondum
1642 2876 1705 2905 huc

147 2927 320 2956 advenerit
338 2929 499 2963 suspicari
519 2928 619 2956 debeo
639 2928 797 2956 miserum
817 2926 990 2961 naufragio
1010 2925 1204 2953 interiisse.'‘
