2030 3439
1139 336 1162 374 2

366 478 478 506 nova
520 468 594 506 aut
635 477 660 504 a
695 465 851 503 Vestra
883 464 1160 511 aliorumque,
1195 473 1300 510 quos
1334 462 1697 511 commemoratiS,
1732 462 1928 511 opinione

367 544 507 592 aliquo
549 543 675 581 modo
718 541 932 588 recedens,
967 540 1010 577 et
1041 548 1123 586 quo
1156 538 1327 586 saepius
1359 539 1411 576 ad
1443 539 1601 576 librum
1631 538 1836 577 Vestrum
1868 549 1928 582 re-⁸

367 620 589 658 currebam
632 628 679 656 eo
712 616 853 664 magis
885 615 993 653 mihi
1026 615 1076 652 de
1109 614 1263 652 iisdem
1294 614 1400 652 locis
1433 615 1546 652 idem
1580 615 1928 662 persuadebatur.

366 695 501 742 Igitur
529 693 604 732 otii
631 693 788 740 aliquid
817 692 969 729 nactus
999 690 1245 728 commenta
1265 700 1375 738 mea,
1395 690 1487 728 sive
1505 690 1770 738 suspiciones
1789 690 1927 728 dicere

365 769 584 817 mavultis,
623 768 780 816 scripto
814 767 1019 805 mandare
1053 765 1221 803 decrevi
1254 767 1380 812 atque
1413 764 1602 812 longiore
1636 765 1704 803 vel
1735 765 1930 804 breviore

365 845 652 893 disputatione
679 844 740 881 ita
768 842 985 890 adornare,
1014 842 1063 879 ut
1089 840 1195 879 liber
1221 851 1357 888 neque
1385 841 1551 888 spissus
1576 841 1775 879 evaderet
1793 851 1930 889 neque

365 922 495 960 nimis
523 921 648 959 exilis
676 920 916 966 aridusque.
947 917 1081 966 Quem
1110 927 1209 955 cum
1236 917 1525 966 perfecissem,
1555 917 1653 965 quid
1677 928 1725 956 eo
1742 918 1929 956 facerem

364 998 516 1036 dubius
564 997 696 1034 etiam
739 994 982 1042 haerebam,
1028 1003 1125 1031 cum
1168 992 1275 1030 mihi
1323 993 1581 1031 afferebatur
1622 1003 1783 1032 novum
1825 994 1930 1032 illud

363 1074 566 1111 volumen
598 1072 814 1119 Vestrum,
850 1070 960 1117 quod
993 1079 1124 1117 quam
1156 1070 1328 1117 gratum
1366 1068 1474 1106 1111111
1512 1070 1627 1107 00001
1663 1070 1790 1108 modo
1825 1069 1927 1108 dixi.

423 1151 503 1188 Hic
545 1150 691 1187 autem
735 1148 912 1186 Goethei
954 1147 1061 1184 mihi
1104 1147 1147 1183 in
1194 1147 1387 1184 mentem
1419 1145 1630 1195 veniebat,
1665 1146 1737 1194 qui
1769 1146 1820 1184 de
1852 1156 1931 1184 sua

364 1227 453 1264 vita
495 1236 597 1263 vera
637 1224 820 1272 fictaque
863 1223 1055 1262 scribens
1097 1223 1140 1260 et
1181 1222 1264 1260 alia
1305 1222 1569 1270 lepidissime
1605 1221 1930 1269 salsissimeque

365 1304 510 1340 narrat
543 1304 585 1340 et
618 1303 819 1340 iuvenem
853 1311 898 1338 se
932 1310 956 1338 a
988 1299 1173 1347 quodam
1206 1299 1364 1357 amico,
1392 1299 1566 1337 homine
1599 1299 1809 1337 eiusmodi
1837 1309 1928 1337 sen-

365 1379 613 1426 tentiarum,
664 1388 771 1425 quae
819 1375 1023 1425 παράὸοξα
1072 1375 1281 1424 dicuntur,
1332 1375 1647 1424 amantissimo,
1691 1385 1818 1423 saepe
1860 1374 1927 1412 ad-

366 1455 581 1492 monitum
609 1464 661 1491 ne
690 1453 882 1491 carmina
910 1452 952 1489 in
980 1451 1134 1499 vulgus
1159 1451 1301 1488 ederet
1322 1473 1372 1477 —
1394 1451 1593 1488 amittere
1611 1450 1726 1488 enim
1744 1450 1931 1498 pretium

367 1540 494 1568 suum
547 1540 654 1577 quae
706 1529 871 1577 publice
914 1528 1159 1575 prostarent
1201 1528 1243 1564 et
1284 1526 1521 1564 multorum
1565 1527 1932 1564 contrectarentur

364 1606 586 1644 manibus:
640 1605 901 1653 paucissima
954 1603 1096 1651 potius
1144 1612 1292 1640 eorum
1340 1602 1606 1650 exemplaria
1652 1602 1931 1640 describenda

363 1683 542 1729 curaret,
578 1692 684 1729 quae
717 1680 883 1718 intimis
917 1679 1068 1718 amicis
1100 1679 1208 1717 dono
1242 1679 1466 1725 darentur3
1497 1679 1639 1726 ipsum
1667 1679 1827 1727 autem,
1858 1678 1930 1726 qui

363 1758 465 1795 illud
499 1758 687 1795 dedisset
720 1756 947 1795 consilium
984 1778 1033 1781 —
1069 1754 1345 1792 Baehrischio
1375 1755 1412 1792 ei
1439 1764 1597 1792 nomen
1623 1754 1717 1803 fuit,
1747 1753 1831 1791 nisi
1857 1764 1928 1792 me

362 1834 473 1872 fallit
499 1833 710 1871 memoria
739 1854 790 1858 —
821 1842 918 1870 011111
947 1830 1269 1878 elegantissime
1297 1829 1512 1878 scriberet,
1543 1830 1594 1868 ad
1623 1840 1722 1867 eum
1738 1829 1929 1867 laborem

365 1921 537 1958 operam
571 1920 696 1948 suam
729 1918 823 1947 esse
856 1907 1108 1956 pollicitum.

424 1986 563 2023 Nolite
610 1987 757 2023 tamen
804 1984 954 2032 putare
996 1993 1067 2020 me
1109 1992 1299 2029 unquam
1343 1982 1691 2020 observationum
1733 1992 1930 2020 mearum

364 2062 443 2099 (1110
497 2060 760 2108 exemplaria
807 2058 1043 2097 describere
1094 2057 1296 2105 coepisse,
1343 2067 1523 2104 quorum
1572 2058 1756 2096 alterum
1804 2057 1927 2096 alteri

364 2137 566 2175 Vestrum
615 2136 825 2175 offerrem.
876 2135 1090 2172 Lubenter
1137 2133 1178 2171 id
1225 2133 1438 2182 1001000111,
1488 2133 1571 2171 11101
1614 2134 1928 2172 intellexissem

364 2215 469 2251 <luas
497 2213 603 2250 1111111
631 2213 699 2250 1110
728 2213 875 2250 deesse
904 2221 984 2259 res,
1015 2209 1168 2258 quibus
1198 2210 1343 2257 utique
1372 2220 1476 2257 opus
1500 2212 1625 2259 esset,
1646 2211 1683 2249 si
1700 2210 1928 2249 ridiculum

363 2300 509 2327 meum
553 2289 710 2327 donum
755 2299 849 2326 esse
892 2287 1064 2325 nollem.
1108 2286 1264 2324 Deerat
1301 2286 1489 2333 primum
1522 2285 1658 2324 nitida
1690 2287 1763 2325 illa
1795 2287 1927 2325 Baeh-

363 2365 507 2402 rischii
535 2374 703 2402 manus.
733 2364 812 2401 Hic
840 2364 988 2401 tamen
1016 2361 1225 2400 confidere
1252 2363 1447 2409 poteram
1475 2361 1561 2400 Vos
1584 2362 1767 2400 literulis
1784 2362 1929 2401 minus

362 2442 542 2478 venuste
576 2439 754 2487 depictis
788 2440 1011 2476 contentos
1042 2438 1144 2476 fore.
1179 2437 1237 2475 At
1269 2437 1413 2475 deerat
1444 2439 1666 2485 praeterea
1693 2438 1746 2487 id,
1776 2437 1819 2475 in
1847 2448 1928 2485 quo

362 2527 488 2554 omne
516 2515 613 2553 doni
640 2515 826 2563 pretium
854 2515 1047 2552 futurum
1066 2514 1179 2552 erat:
1200 2513 1496 2551 Goetheanum
1514 2524 1673 2552 nomen
1690 2514 1926 2562 ingenium-

362 2602 455 2639 que.
499 2592 547 2628 ln
589 2600 822 2638 paucorum
865 2590 1037 2628 illorum
1079 2599 1173 2627 esse
1216 2599 1408 2637 numero,
1448 2589 1600 2636 quibus
1633 2600 1810 2627 suarum
1842 2590 1926 2627 Mu-

361 2679 507 2707 sarum
535 2668 648 2705 fetus
676 2667 891 2705 Goetheus
919 2666 1072 2713 aliquis
1102 2665 1360 2713 committat,
1390 2665 1431 2702 id
1459 2665 1597 2703 solum
1627 2666 1715 2703 iam
1742 2665 1786 2703 in
1802 2665 1927 2703 laude

361 2747 488 2792 atque
522 2744 679 2781 honore
714 2744 779 2780 est
810 2742 1067 2790 ponendum.
1102 2742 1160 2780 At
1192 2751 1339 2779 meum
1373 2741 1472 2778 dare
1504 2741 1611 2779 nihil
1639 2742 1716 2789 est,
1746 2741 1828 2779 nisi
1855 2751 1926 2779 me

362 2821 528 2858 dedisse
577 2820 713 2857 sciant
762 2829 891 2865 quam
934 2817 1119 2865 plurimi.
1165 2817 1273 2864 Ergo
1317 2817 1443 2854 solita
1486 2817 1559 2855 illa
1601 2817 1924 2865 typothetarum

361 2907 482 2943 opera
528 2906 632 2933 usus
676 2905 795 2931 sum:
841 2893 900 2930 siv
945 2893 1056 2930 onim
1102 2893 1189 2929 fore
1234 2892 1540 2929 existimabam
1583 2894 1631 2930 ut
1675 2902 1837 2941 omnes,
1882 2892 1924 2929 in
