2030 3439
848 347 902 385 45

152 473 302 512 Merito
344 472 412 510 hic
450 472 637 510 haeretis
669 471 914 519 rogatisque
947 471 1004 515 (in
1037 470 1314 509 annotatione
1347 470 1398 508 ad
1433 469 1516 508 275
1550 473 1653 517 sq.):

97 558 278 597 „ergone
321 549 418 596 post
458 547 673 585 incestum
715 546 933 585 detectum
978 547 1215 593 matrisque
1248 546 1457 584 miserum
1490 545 1653 583 obitum

94 623 255 671 aliquot
297 633 431 661 annos
476 622 632 660 Thebis
674 622 929 670 regnavit?’'
965 622 1057 660 Non
1090 624 1156 660 est
1189 621 1386 660 credibile
1418 621 1528 659 hanc
1559 630 1653 658 esse

93 699 244 747 poetae
300 697 436 736 nostri
491 697 805 735 narrationem:
863 697 987 745 plane
1045 697 1160 735 enim
1208 698 1352 745 inepta
1408 699 1473 735 est
1526 698 1653 743 atque

94 773 289 812 absurda.
347 773 639 821 Expungenda
696 783 794 820 ergo
853 773 1062 819 quaedam
1120 783 1214 811 esse
1270 772 1653 820 persuasissimum

95 849 201 887 mihi
260 850 338 897 est,
399 859 535 896 neque
593 850 738 886 tamen
787 858 884 886 cum
932 848 1170 886 Duentzero
1216 848 1337 896 facioy
1386 849 1457 896 qui
1505 858 1655 886 versus

96 925 179 963 275
223 934 285 972 sq.
329 925 518 962 damnat.
564 923 652 971 Quo
686 924 801 962 enim
835 924 1010 962 consilio
1043 924 1209 961 additos
1242 923 1337 961 illos
1370 923 1655 961 censeamus?

95 1000 322 1039 Praeterea
363 999 514 1038 deletis
556 999 641 1037 illis
679 1001 825 1047 restat,
861 999 970 1046 quod
1002 999 1069 1036 vel
1103 999 1297 1036 maxime
1331 998 1518 1047 offendit,
1552 999 1656 1036 illud

93 1073 377 1127 γημαμένη...
414 1071 564 1124 ’γῆμεν.
608 1074 700 1112 Non
743 1084 841 1121 ergo
885 1084 1058 1112 versum
1099 1074 1181 1111 275
1216 1084 1313 1112 cum
1345 1075 1550 1121 sequente
1582 1074 1655 1112 sed

97 1162 194 1189 cum
252 1150 530 1200 praecedente
588 1149 785 1197 equidem
842 1149 1086 1197 deleverim,
1141 1159 1222 1196 quo
1269 1148 1382 1187 facto
1431 1149 1657 1197 aptissima

97 1227 202 1266 haec
234 1229 360 1274 atque
392 1225 516 1273 plane
549 1225 772 1272 perspicua
808 1224 988 1262 restabit
1019 1224 1229 1262 narratio:
1268 1223 1490 1271 „Epicaste
1523 1225 1657 1262 inscia

96 1302 296 1340 horribile
337 1301 549 1349 flagitium
587 1300 828 1338 commisit:
863 1299 948 1337 filio
982 1310 1058 1338 suo
1091 1299 1248 1347 nupsit.
1283 1299 1326 1337 Is
1360 1300 1504 1338 enim
1537 1302 1657 1348 patre

98 1388 175 1416 suo
223 1378 360 1416 occiso
408 1376 564 1414 Thebis
611 1386 789 1423 regnum
836 1375 1040 1413 obtinuit:
1085 1375 1144 1413 sic
1188 1375 1244 1412 dii
1287 1375 1477 1413 crudeles
1519 1375 1656 1414 decre-

96 1455 259 1492 verant.
302 1453 360 1491 At
401 1452 475 1490 illa
515 1451 744 1499 suspendio
787 1451 924 1488 vitam
962 1449 1123 1488 finivit:
1169 1450 1258 1498 ipse
1301 1460 1401 1488 vero
1443 1450 1561 1488 solus
1597 1461 1656 1489 re-

95 1529 223 1567 lictus
253 1528 356 1567 facti
388 1527 664 1574 torquebatur
692 1526 995 1564 conscientia.”
1025 1525 1145 1563 Nunc
1172 1536 1256 1563 non
1285 1526 1438 1563 dicitur
1465 1525 1658 1564 detectus

99 1615 194 1643 esse
225 1605 437 1642 incestus:
471 1603 545 1641 sed
577 1603 670 1640 sine
698 1602 784 1639 ullo
813 1601 968 1639 damno
996 1601 1123 1639 huius
1151 1601 1210 1639 rei
1238 1601 1401 1639 mentio
1430 1601 1657 1639 omittitur.

99 1681 279 1718 Mortem
311 1679 391 1717 sibi
425 1678 632 1717 conscivit
663 1677 882 1725 Epicaste:
913 1677 1017 1714 cur?
1045 1676 1245 1723 quando?
1272 1676 1434 1724 Nempe
1462 1676 1660 1714 taedebat

100 1766 196 1794 eam
238 1755 354 1793 vitae
394 1756 622 1802 postquam
666 1753 765 1800 quid
797 1752 972 1790 fecisset
1004 1752 1215 1799 cognovit.
1250 1751 1340 1789 Nisi
1374 1751 1657 1800 cognovisset,

100 1831 259 1879 opinor,
303 1829 514 1878 placidam
561 1829 798 1877 peregisset
839 1827 976 1865 vitam
1025 1827 1156 1865 donec
1203 1827 1321 1864 senio
1370 1825 1658 1865 conficeretur.

100 1906 259 1945 Deinde
302 1905 486 1953 Oedipus
527 1906 648 1952 patre
690 1914 767 1942 suo
807 1903 1064 1947 (Thebarum
1096 1905 1207 1950 rege)
1242 1902 1380 1940 occiso
1413 1913 1490 1940 rex
1521 1902 1661 1940 factus

101 1982 267 2020 dicitur.
301 1981 467 2019 Addere
497 1990 603 2028 opus
631 1989 715 2017 non
742 1980 830 2017 est:
864 2009 880 2026 „
891 1980 933 2016 et
960 1978 1153 2026 reginam
1181 1978 1356 2016 viduam
1383 1978 1543 2017 factam
1571 1979 1661 2026 ipse

100 2057 273 2095 duxit”:
317 2057 396 2095 hoc
438 2056 554 2094 enim
596 2057 746 2103 sponte
788 2054 929 2101 quivis
971 2054 1183 2102 intelligit.
1229 2053 1308 2092 Sed
1342 2064 1493 2091 versus
1534 2064 1558 2091 a
1590 2064 1660 2091 me

101 2134 271 2171 notatos
304 2132 464 2171 addidit
495 2131 567 2179 qui
599 2141 684 2169 non
717 2130 976 2178 perspiceret
1008 2129 1112 2168 illud

783 2202 804 2243 ὃ
837 2202 878 2242 δὲ
909 2204 986 2243 fbv
1018 2200 1145 2255 πατέρ’
1183 2202 1403 2255 ἐξεναρίξας

400 2281 611 2332 Καδμείων
644 2279 838 2319 ἐάῑάνασσε
869 2283 977 2318 θεῶν
1010 2277 1124 2325 ὀλοὰς
1157 2277 1222 2317 διὰ
1254 2279 1400 2330 βουλάς

103 2358 396 2407 praecedentis
422 2355 628 2409 γημαμένη
655 2357 715 2410 fef)
744 2351 800 2394 υἷι
828 2356 1044 2394 continere
1074 2355 1418 2403 explicationem.
1447 2354 1499 2393 Et
1515 2357 1662 2394 tamen

104 2434 237 2473 lector
268 2444 353 2472 non
383 2433 659 2472 tardissimus
691 2432 814 2470 facile
848 2442 901 2469 ex
937 2431 989 2469 iis
1021 2441 1128 2478 quae
1161 2432 1326 2469 restant
1359 2431 1527 2469 crudele
1559 2431 1663 2469 illud
1722 2466 1725 2469 Α

105 2509 281 2547 deorum
314 2508 541 2547 consilium
575 2507 813 2546 cuiusmodi
845 2507 973 2544 fuerit
1005 2508 1048 2544 et
1075 2516 1156 2553 quo
1184 2506 1329 2544 ordine
1358 2506 1416 2544 sit
1442 2508 1663 2554 peractum

107 2584 345 2632 cognoscit:
383 2593 537 2632 „suum
565 2583 654 2630 ipse
682 2583 848 2630 patrem
877 2581 1031 2620 occidit
1059 2581 1264 2629 Oedipus:
1294 2582 1337 2619 in
1365 2581 1457 2619 eius
1483 2591 1662 2629 regnum

107 2660 316 2698 successit
347 2660 390 2697 et
420 2659 613 2707 reginam
647 2658 770 2696 duxit
799 2667 993 2704 uxorem,
1027 2667 1153 2695 suam
1186 2657 1275 2705 ipse
1307 2657 1536 2695 matrem’'.

166 2735 332 2773 Ansam
379 2745 477 2782 ergo
526 2733 867 2782 interpolationis
919 2733 1065 2771 datam
1112 2733 1310 2771 videmus
1355 2732 1564 2781 particula
1611 2729 1664 2773 δέ,

108 2820 238 2858 quam
280 2809 361 2859 hic,
404 2811 453 2847 ut
484 2819 610 2857 saepe
643 2808 754 2856 alibi,
790 2808 969 2846 eandem
1001 2808 1088 2847 fere
1121 2818 1250 2854 quam
1282 2806 1354 2859 γὰρ
1387 2808 1476 2845 vim
1510 2807 1664 2844 habere

110 2885 332 2924 falsarium
366 2884 488 2932 fugit.
