2030 3439
858 349 911 385 73

107 469 380 508 abiiciantur:
430 470 498 517 qui
547 471 661 507 enim
710 472 881 518 agmina
928 483 1148 519 procorum
1198 483 1279 511 non
1328 474 1493 521 metuit,
1539 474 1655 511 illum

106 544 270 583 scilicet
300 544 520 583 terrebunt
552 545 701 583 Medon
732 545 854 595 κῆρυξ,
886 557 982 585 cum
1015 548 1177 586 duobus
1210 548 1432 596 ministris,
1462 550 1658 596 quamvis

106 619 167 657 illi
199 619 286 658 sint
316 620 441 668 periti
473 621 720 658 structores.

166 768 249 806 348
288 778 378 815 qu.
413 768 554 806 Allato
587 769 637 807 de
669 769 910 809 Telemachi
942 772 993 809 ad
1025 772 1260 810 Eumaeum
1294 774 1478 810 adventu
1511 773 1658 810 nuntio

105 843 253 881 tristes
285 853 434 891 procos
466 844 604 882 tristis
636 845 725 892 ipse
758 845 863 883 haec
893 849 1040 885 monet
1072 847 1388 895 Eurymachus:

341 914 423 956 ἀλλ’
459 916 527 970 ἄγε
558 924 635 969 νῆα
667 917 854 969 μέλαιναν
887 919 1112 970 ἐρύσσομεν,
1142 921 1166 971 ἢ
1199 937 1253 968 τις
1286 920 1435 972 ἀρίστη,

341 992 379 1040 ἐς
411 990 448 1032 δ’
485 992 614 1045 ἐρέτας
646 993 783 1045 ἁλιῆας
816 994 1032 1046 ἀγείρομεν,
1064 996 1108 1035 οἴ
1131 1011 1173 1035 κε
1204 997 1358 1048 τάχιστα

341 1065 500 1108 mivone?
537 1065 740 1120 ἀγγείλωσι
770 1074 878 1117 θοῶς
909 1071 1094 1110 Ῐοῖκόνδε
1126 1070 1295 1110 νέεσθαι.

165 1145 230 1183 Ad
272 1156 334 1184 vs.
380 1147 464 1184 349
498 1147 736 1184 annotatis:
776 1143 938 1197 ,ἁλιῆας
972 1148 1050 1186 hoc
1080 1148 1171 1186 loco
1205 1150 1247 1186 et
1280 1163 1309 1185 ω
1343 1149 1426 1186 419
1461 1150 1661 1186 nautas

106 1220 331 1270 significat,
377 1221 484 1260 alias
527 1224 566 1269 (μ
610 1222 691 1260 251
732 1237 752 1272 χ
785 1223 883 1267 384)
916 1223 1282 1270 piscatores.”
1317 1224 1397 1261 Sed
1430 1234 1506 1271 ego
1539 1223 1661 1261 credo

107 1297 217 1344 quod
273 1297 595 1335 substantivum
652 1298 786 1335 semel
838 1299 1180 1345 piscatorem
1237 1298 1447 1346 significet
1494 1309 1662 1346 semper

107 1372 451 1419 piscatorem
478 1372 731 1422 significare,
760 1383 894 1421 neque
923 1374 1151 1421 quidquam
1180 1374 1348 1412 obstare
1376 1374 1603 1421 quominus
1621 1374 1664 1411 et

107 1462 136 1484 ω
175 1448 259 1486 419
293 1458 340 1486 60
374 1458 504 1486 sensu
537 1449 780 1496 accipiatur.
816 1449 907 1487 Illic
939 1449 1053 1487 enim
1087 1459 1261 1497 corpora
1293 1459 1516 1496 procorum
1549 1458 1661 1496 pere-

106 1523 326 1570 grinorum
368 1521 517 1561 ἁλιεῦσι
557 1524 647 1562 dari
689 1525 885 1563 dicuntur
924 1525 1104 1563 navibus
1137 1525 1477 1573 transportanda.
1513 1524 1662 1572 Quidni

109 1599 254 1636 autem
286 1599 486 1637 lintribus
517 1600 607 1637 suis
635 1600 804 1647 singula
831 1600 982 1638 binave
1011 1611 1184 1648 corpora
1211 1601 1444 1648 piscatores
1473 1600 1663 1637 vehant?

109 1674 190 1712 Sed
230 1674 297 1712 fac
337 1675 496 1723 tamen,
542 1675 583 1712 id
625 1675 734 1722 quod
773 1686 848 1723 ego
882 1686 1000 1723 nego,
1036 1677 1330 1713 nautarum
1365 1684 1529 1721 quoque
1562 1674 1663 1711 illud

110 1759 267 1787 nomen
309 1759 426 1788 esse:
469 1750 723 1788 habebimus
766 1761 863 1797 ergo
896 1751 985 1788 hic:
1020 1751 1262 1798 remiges
1295 1752 1519 1797 nautaS,
1555 1749 1664 1796 quod

111 1825 205 1871 quis
238 1824 347 1863 dixit
378 1826 600 1872 unquam?
631 1826 698 1863 An
730 1825 859 1863 lat-ius
892 1826 959 1863 hic
991 1827 1106 1873 patet
1141 1825 1254 1863 illius
1284 1826 1401 1863 vocis
1433 1834 1586 1862 sensus
1617 1825 1665 1861 ut

111 1900 308 1938 adiectivi
356 1900 496 1938 vicem
544 1901 722 1949 impleat
764 1902 902 1948 sitque
944 1901 1031 1939 fere
1074 1901 1185 1938 idem
1229 1901 1338 1947 quod
1382 1900 1664 1938 marinus?

110 1975 202 2013 Hoc
244 1975 315 2013 illo
357 1976 502 2014 minus
539 1977 671 2014 etiam
705 1977 950 2014 verisimile.
984 1977 1036 2014 Et
1068 1978 1380 2013 terrestres
1422 1975 1664 2022 remiges

110 2050 245 2088 risum
278 2053 477 2098 movent;
511 2053 658 2089 tamen
690 2052 726 2089 si
759 2049 895 2100 ἁλιῆας
929 2052 995 2089 hic
1028 2051 1225 2088 adiectivi
1255 2051 1341 2087 vim
1370 2050 1509 2098 habet,
1539 2060 1664 2088 nemo

110 2126 334 2173 tamquam
392 2127 609 2174 epitheton
657 2137 812 2165 ornans
860 2126 961 2164 illud
1009 2126 1198 2173 accipiet.
1247 2126 1391 2163 Unum
1438 2127 1573 2163 restat
1619 2128 1665 2162 ut

110 2200 368 2248 Eurymachi
417 2202 521 2240 haec
568 2203 624 2240 sit
671 2202 906 2240 sententia:
959 2202 1217 2249 „piscatores
1265 2211 1467 2248 cogamus
1509 2200 1580 2247 qui
1623 2200 1664 2237 in

110 2276 184 2315 illa
224 2287 333 2315 nave
375 2278 587 2325 remigum
624 2278 856 2325 fungantur
886 2277 1063 2315 officio’'.
1098 2276 1256 2314 Verum
1289 2265 1393 2322 quid'
1420 2277 1509 2313 tam
1542 2275 1665 2322 longe

110 2353 308 2400 petamus
350 2353 656 2401 explicationes
699 2353 1185 2400 interpretationesque?
1227 2351 1373 2389 Nonne
1416 2351 1493 2388 hoc
1531 2350 1665 2387 multo

110 2427 389 2466 verisimilius
430 2428 557 2466 huius
598 2428 678 2466 loci
719 2429 903 2475 poetam,
949 2437 1045 2465 cum
1089 2426 1214 2474 probe
1258 2426 1465 2464 memoria
1502 2426 1666 2462 teneret

109 2502 183 2540 illa
214 2513 269 2540 ex
299 2504 436 2551 primo
469 2504 614 2542 Iliadis
645 2503 772 2541 libro:

315 2583 391 2616 νῦν
423 2575 461 2616 δ’
497 2576 565 2630 ἄγε
596 2584 673 2628 νῆα
705 2577 891 2627 μέλαιναν
925 2576 1136 2627 ἐρύσσομεν
1168 2576 1220 2622 εἰς
1253 2575 1325 2613 ἅλα
1359 2575 1461 2623 δῖαν,

317 2650 357 2690 ἐν
391 2649 424 2690 δ’
462 2651 590 2703 ἐρέτας
623 2651 798 2703 ἐπίτηδες
832 2651 1036 2703 ἀγείρομεν

110 2728 179 2766 hic
205 2738 370 2776 quoque
399 2726 525 2776 ἐρέτας
554 2727 730 2778 ἐπίτηδες
759 2728 995 2776 scripsisse,
1027 2729 1153 2774 atque
1181 2728 1329 2774 postea
1348 2726 1546 2763 exortum
1573 2734 1667 2761 esse

111 2804 298 2851 aliquem
325 2804 396 2851 qui
423 2804 526 2842 illud
554 2802 728 2853 ἐπίτηδες
756 2802 1107 2851 suprascribendo
1135 2800 1217 2846 ἅλις
1247 2800 1525 2838 illustraverit
1553 2802 1666 2843 (nam

112 2880 178 2917 est
219 2879 325 2918 haec
365 2880 452 2918 fere
495 2880 684 2918 adverbii
727 2877 900 2928 ἐπίτηδες
939 2878 1031 2926 vis),
1067 2877 1187 2925 quod,
1223 2887 1320 2915 cum
1352 2876 1459 2913 forte
1492 2872 1666 2923 ἐπίτηδες
