2030 3439
880 365 930 403 81

181 490 265 528 530
307 500 396 537 sqq.
442 488 575 536 Magis
611 498 722 526 nunc
756 489 964 536 Penelope
997 489 1129 527 instat
1163 493 1208 528 ut.
1241 492 1491 537 quantocius
1525 494 1678 541 hospes

122 565 174 603 ad
201 575 248 603 se
277 565 530 612 arcessatur,
561 565 688 611 atque
716 563 864 602 acerbe
893 574 1154 611 conquerens
1183 566 1285 604 haec
1313 567 1363 604 dc
1385 569 1523 614 procis
1540 569 1654 606 addit

360 633 467 677 οὗτοι
499 634 534 676 δ’
576 635 616 688 ἠὲ
647 637 805 688 θύρηφι
837 638 1058 688 καθήμενοι
1091 638 1316 687 ἓψιαέσθων

359 711 384 763 ἢ
417 711 540 751 αὐτοῦ
572 711 670 750 κατὰ
703 710 868 762 δώματ’,
899 712 983 752 ἐπεί
1013 725 1122 763 σφισι
1156 715 1286 764 θυμὸς
1319 714 1487 768 ἕύφρων.

360 787 490 826 αὐτῶν
522 785 591 837 μὲν
622 786 695 839 γὰρ
727 785 888 838 κτήματ’
925 787 1100 839 ἀκήρατοι
1132 786 1222 828 κεῖτ’
1260 789 1316 828 ε’νὶ
1347 791 1485 846 Ἑοίκῳ,

215 865 299 904 533
362 868 464 910 σῖτος
494 862 559 902 καὶ
592 862 696 914 μέθυ
728 864 848 914 Ἑηὸύ·
881 863 927 902 τὰ
959 862 1029 914 μὲν
1060 866 1220 915 ,Ροικῆες
1253 865 1396 905 ἔδουσι·

363 940 401 978 οἳ
432 936 468 978 δ’
505 939 558 986 εἰς
588 936 775 990 ἡμέτερον
805 940 1048 990 πωλεύμενοι
1080 938 1208 991 ἤματα
1240 941 1367 979 πάντα

362 1016 460 1066 βοῦς
491 1015 704 1065 ἱερεύοντες
736 1013 801 1053 καὶ
834 1013 891 1061 ὄις
922 1013 987 1053 καὶ
1017 1015 1158 1062 πίονας
1191 1011 1302 1068 αἶγας

363 1090 677 1137 εἰλαπινάζουσιν
708 1089 781 1128 κτὲ.

186 1166 311 1205 Haud
353 1167 439 1204 vidi
480 1167 633 1214 magis.
667 1167 784 1205 Bona
815 1177 1040 1215 procorum
1073 1168 1235 1206 intacta
1267 1168 1406 1206 iacent
1438 1180 1572 1217 neque
1605 1171 1678 1208 im-

127 1243 379 1281 minuuntur
420 1244 464 1281 et
503 1244 651 1281 tamen
693 1253 841 1281 eorum
882 1243 1147 1281 frumentum
1190 1245 1417 1282 comedunt
1451 1246 1680 1293 vinumque

128 1317 302 1356 ebibunt
342 1318 456 1356 servi
497 1328 602 1366 quos
645 1318 761 1356 domi
802 1318 1096 1366 reliquerunt?
1132 1319 1305 1357 Addidit
1336 1322 1384 1357 ut
1415 1321 1561 1368 opinor
1594 1332 1680 1358 ver-

127 1403 225 1431 sum
258 1395 341 1432 533
374 1394 440 1432 vir
471 1393 576 1432 artis
604 1393 902 1432 calculatoriae
928 1394 1127 1442 magistri
1154 1394 1336 1433 similior
1362 1405 1491 1442 quam
1519 1398 1680 1443 poetae,

127 1469 196 1516 qui
238 1469 348 1507 ferre
379 1479 465 1508 non
495 1471 640 1518 posset
672 1470 911 1518 Penelopen
942 1480 1094 1518 parum
1127 1471 1323 1508 accurate
1355 1470 1468 1517 loqui
1502 1482 1682 1519 ergoque

127 1544 189 1581 sic
220 1554 317 1582 eam
349 1545 598 1593 corriperet:
635 1545 712 1593 „de
744 1545 958 1584 frumento
985 1547 1133 1583 tamen
1160 1545 1343 1593 vinoque
1371 1556 1518 1584 eorum
1546 1547 1682 1585 dicere

127 1619 241 1658 istud
273 1620 381 1658 noli:
414 1631 553 1659 nonne
586 1621 701 1658 enim
733 1621 896 1659 interea
927 1621 1041 1659 servi
1073 1631 1232 1669 eorum,
1268 1621 1337 1668 qui
1371 1622 1485 1659 domi
1517 1633 1681 1660 manse-

128 1695 238 1743 runt,
283 1705 378 1733 esse
420 1706 467 1734 ac
509 1696 651 1734 bibere
693 1696 961 1734 debebant?''
999 1696 1056 1734 At
1088 1696 1221 1734 eiecto
1254 1706 1392 1744 panno
1425 1708 1551 1744 quam
1586 1700 1682 1745 apte

126 1769 232 1808 haec
264 1770 513 1809 cohaerent:
551 1771 734 1819 „hilares
762 1771 833 1809 isti
863 1781 956 1809 esse
983 1773 1185 1819 possunt:
1215 1772 1404 1819 ipsorum
1433 1773 1546 1810 enim
1573 1773 1682 1810 bona

127 1844 242 1883 domi
273 1845 414 1884 iacent
440 1846 612 1894 intacta,
641 1847 715 1884 sed
743 1847 929 1893 quotidie
956 1847 1039 1884 huc
1066 1847 1242 1884 veniunt
1269 1857 1448 1894 meaque
1476 1848 1682 1885 conviviis

128 1920 219 1957 suis
250 1920 525 1960 absumunt.’'

188 2070 270 2107 561
307 2079 396 2117 sqq.
431 2070 586 2108 Audito
619 2071 716 2118 quid
746 2071 849 2109 velit
876 2071 1101 2118 iubeatque
1129 2070 1336 2118 Penelope
1365 2070 1468 2108 haec
1495 2071 1680 2108 Eumaco

128 2144 355 2192 respondet
385 2144 588 2193 Ulysses:

367 2217 525 2271 Εὔμαι’,
555 2216 656 2270 αἶψά
687 2217 726 2259 κ’
761 2220 833 2273 ἐγὼ
868 2218 1054 2272 νημερτέα
1085 2216 1192 2257 πάντ’
1229 2217 1402 2269 ἐνέποιμι

363 2295 488 2350 κούρῃ
519 2296 716 2347 ,Ρικαρίοιο
746 2296 955 2347 περίφρονι
987 2294 1247 2349 Πηνελοπείῃ·

364 2370 486 2409 folda
516 2369 589 2423 γὰρ
622 2365 664 2410 εὗ
696 2370 783 2423 περὶ
814 2371 960 2420 κείνου,
991 2368 1091 2420 ὁμὴν
1124 2366 1159 2408 δ’
1196 2366 1426 2420 ἀνεδέγμεθ’
1465 2367 1582 2415 ὀιζύν.

365 2443 461 2483 ἀλλὰ
492 2446 725 2497 μνηστήρων
755 2449 931 2497 χαλεπῶν
968 2441 1169 2484 ὑποδέόΗ
1205 2443 1352 2494 ὅμιλον,
1382 2443 1455 2482 κτὲ.

187 2522 418 2560 Annotatis
449 2521 539 2560 solo
570 2532 699 2560 versu
731 2523 814 2562 563
850 2522 958 2570 apud
990 2523 1161 2570 poetam
1188 2515 1276 2558 οἶδα
1303 2520 1537 2558 adsciscere
1564 2531 1677 2568 prae-

128 2596 386 2644 positionem
427 2596 523 2648 περί.
566 2597 680 2636 Satis
720 2608 850 2646 grave
891 2598 982 2645 hoc,
1026 2597 1198 2644 gravius
1239 2598 1385 2634 tamen
1427 2596 1536 2643 quod
1578 2593 1678 2643 ὁμὴν

129 2667 360 2722 ἀνεδέγμεθ’
411 2668 520 2718 ὀιζύν
566 2674 609 2711 et
649 2673 757 2711 mire
798 2673 960 2711 dictum
1002 2674 1068 2710 est
1109 2672 1151 2710 et
1192 2681 1283 2709 rem
1326 2670 1514 2709 continet
1555 2670 1677 2717 plane

129 2747 345 2786 diversam
386 2758 411 2786 a
450 2748 765 2786 narrationibus
802 2748 953 2795 quibus
985 2748 1191 2785 hactenus
1224 2746 1275 2784 ad
1306 2746 1542 2783 Eumaeum
1576 2755 1678 2782 usus

130 2824 197 2860 est
222 2823 452 2861 simulatus
478 2807 712 2862 mendicus.
741 2823 832 2861 Hoc
857 2833 957 2860 vero
984 2822 1290 2870 gravissimum
1317 2821 1426 2867 quod
1444 2821 1533 2858 toto
1552 2830 1676 2857 versu

128 2897 299 2945 Ulyssis
331 2899 466 2937 oratio
498 2899 765 2947 ineptissime
798 2898 1132 2946 interrumpitur,
1167 2897 1286 2933 cuius
1320 2896 1397 2932 hoc
1428 2905 1521 2932 esse
1554 2895 1674 2931 debet

1554 2965 1571 2990 6
