2030 3439
1050 334 1129 371 102

303 458 503 506 locorum,
549 458 619 496 ubi
661 457 695 495 εἰ
736 454 770 494 ‹)'
818 460 884 496 est
926 458 968 496 in
1002 459 1226 506 codicibus,
1262 459 1410 497 eadem
1445 460 1511 496 est
1542 458 1663 496 ratio.
1698 457 1766 494 Sic
1798 467 1859 504 eo,
1895 513 1900 516 .

303 533 354 569 ad
397 543 525 580 quem
567 534 610 570 in
652 534 927 571 annotatione
969 533 1173 571 lectorem
1215 534 1427 582 relegatiS,
1464 533 1661 581 equidem
1693 533 1862 569 mutare

304 607 409 645 nihil
457 608 609 646 ausim.
653 608 729 645 Est
770 609 807 646 A
851 608 948 645 302.
993 608 1229 645 Briseidem
1271 618 1317 646 se
1358 608 1616 646 traditurum
1660 607 1860 654 Achilles,

303 683 504 729 quoniam
537 683 598 721 ita
630 693 735 730 opus
767 683 835 731 sit,
871 683 1070 730 declarat,
1106 693 1241 730 neque
1273 693 1319 721 se
1352 683 1394 720 vi
1427 683 1545 721 illam
1579 683 1860 720 retenturum.

307 757 386 794 Sed
419 758 557 795 addit:

540 838 616 871 τῶν
650 829 685 870 δ’
723 831 850 870 ἄλλων
883 832 907 869 ἅ
939 832 1008 882 μυί
1036 831 1112 870 ἐστι
1145 836 1226 886 θοῇ
1257 832 1364 883 παρὰ
1396 834 1466 883 νηϊ
1496 833 1657 886 μελαίνῃ

542 914 619 946 τῶν
651 907 699 947 οὐ
731 907 797 946 κέν
829 923 863 946 τι
895 907 1030 959 φέροις
1062 907 1210 947 ἀνελὼν
1243 907 1455 955 ἀέέκοντος
1488 907 1601 958 ἐμεῖο.

369 983 489 1032 Tum,
525 994 640 1032 voce,
676 985 723 1022 ut
755 985 914 1032 opinor,
948 984 1154 1032 vultuque
1188 985 1369 1022 minaci:

543 1059 577 1096 εἰ
608 1055 644 1096 δ’
681 1057 748 1110 ἄγε
782 1058 859 1108 μὴν
892 1059 1086 1109 πείρησαι,
1118 1059 1182 1097 ἵνα
1214 1060 1368 1110 γνώωσι
1400 1058 1464 1097 κι«ὶ
1497 1059 1589 1098 οἵδε·

542 1129 643 1182 αἶψά
676 1149 733 1171 τοι
766 1129 861 1183 αἷμα
890 1134 1071 1173 κελαινὸν
1105 1134 1263 1184 ἐρωήσει
1295 1134 1382 1185 περὶ
1415 1135 1538 1186 δουρί.

365 1209 478 1246 Nihil
520 1210 589 1248 hic
621 1210 993 1258 Agamemnonem
1026 1211 1142 1249 iubet
1174 1211 1375 1260 Achilles,
1410 1222 1546 1259 neque
1579 1223 1678 1250 eum
1711 1213 1762 1253 ad
1795 1212 1866 1250 ali-

308 1285 406 1331 quid
448 1285 690 1323 faciendum
733 1285 1005 1333 adhortatur3
1042 1287 1115 1324 sed
1148 1288 1353 1334 provocat
1385 1297 1505 1333 eum,
1540 1287 1867 1335 provocantium

307 1362 451 1397 autem
485 1362 585 1398 sunt
617 1361 857 1399 sententiae
891 1361 1209 1410 conditionales,
1244 1361 1362 1400 velut
1394 1363 1544 1400 notum
1577 1362 1679 1399 illud
1707 1362 1866 1400 Aristo-

306 1435 537 1482 phanicum
564 1431 646 1484 αἶρε
673 1438 869 1485 πλῆκτρον
896 1435 930 1473 εἰ
957 1439 1077 1486 μαχεῖ.
1108 1436 1269 1484 Quique
1296 1437 1417 1485 gravi
1445 1437 1507 1475 ira
1534 1438 1636 1475 sunt
1663 1437 1868 1476 commoti

307 1510 556 1558 plerumque
584 1521 662 1549 sua
689 1511 770 1559 ipsi
796 1512 927 1550 verba
953 1512 1284 1560 interrumpunt.
1304 1512 1524 1551 Eiusmodi
1542 1513 1688 1550 autem
1707 1512 1868 1560 ellipsis

308 1586 463 1625 Achilli
506 1586 733 1634 aptissima
775 1598 887 1626 nunc
929 1588 996 1625 hic
1039 1588 1215 1636 legitur:
1250 1587 1284 1624 εἰ
1315 1586 1357 1625 δέ
1388 1598 1462 1635 pro
1495 1587 1529 1625 εἰ
1561 1585 1602 1625 δὲ
1635 1587 1767 1638 βούλει
1800 1588 1868 1626 vel

309 1659 343 1697 εἰ
381 1658 422 1698 δὲ
463 1660 515 1711 μὴ
558 1661 687 1699 πείθει
728 1668 779 1715 τῷ
823 1660 899 1714 ἐμῷ
931 1662 1043 1717 λόγῳ.
1078 1663 1235 1701 Contra
1266 1658 1313 1700 εἶ’
1350 1661 1417 1713 ἄγε
1451 1661 1528 1712 μὴν
1561 1662 1744 1712 πείρησαι
1777 1663 1868 1702 eius

309 1746 402 1774 esse
445 1737 614 1775 videtur
644 1738 798 1786 potiuS,
834 1738 905 1785 qui
937 1738 1048 1776 iram
1079 1739 1166 1776 iam
1199 1739 1381 1776 missam
1399 1739 1558 1786 fecerit,
1594 1740 1722 1786 atque
1754 1749 1865 1787 eum,

309 1811 375 1848 cui
407 1812 532 1850 modo
565 1813 757 1881 minatus
789 1813 858 1862 sit,
892 1813 1045 1851 blande
1079 1814 1236 1861 alloqui
1269 1815 1311 1852 et
1343 1814 1572 1852 admonere
1605 1813 1792 1862 incipiat.

372 1959 468 1996 245.
498 1959 600 1997 Post
627 1961 885 2008 colloquium
913 1963 1036 2000 extra
1058 1963 1185 2000 aedes
1202 1962 1397 2000 habitum
1421 1972 1517 2000 cum
1535 1961 1724 1999 Eumaeo
1741 1962 1869 2008 atque

309 2033 499 2082 bubulco,
534 2035 605 2073 ubi
636 2046 682 2074 se
715 2038 1032 2084 agnoscendum
1066 2038 1181 2076 dedit
1212 2038 1308 2086 illis,
1344 2037 1524 2084 Ulysses
1556 2047 1705 2075 rursus
1736 2037 1870 2075 intrat

310 2109 352 2146 et
378 2108 559 2156 pristina
585 2112 684 2150 sede
708 2112 880 2150 assidit:
899 2114 1136 2160 sequuntur
1154 2123 1252 2151 eum
1270 2113 1485 2150 Eumaeus
1503 2113 1630 2159 atque
1647 2112 1866 2150 bubulcus.

312 2184 421 2222 Tum
453 2185 658 2233 legimus:

581 2261 817 2313 Εὐρύμαχος
850 2259 884 2300 δ’
922 2261 999 2313 ἤδη
1032 2263 1145 2310 τόξον
1177 2262 1269 2313 μετὰ
1300 2261 1427 2314 χερσὶν
1461 2261 1600 2312 ἐνώμα.

371 2334 504 2382 Quam
552 2347 702 2375 verum
751 2338 807 2376 sit
854 2339 965 2385 quod
1011 2339 1063 2377 ad
1109 2349 1285 2377 versum
1331 2340 1411 2377 186
1457 2339 1507 2376 de
1549 2339 1678 2377 verbo
1721 2336 1867 2388 ἐπέχειν

310 2411 524 2458 annotavi,
570 2422 624 2449 ex
666 2423 748 2450 uno
790 2413 870 2451 hoc
910 2424 1037 2451 versu
1080 2415 1267 2461 apparet.
1303 2413 1346 2451 Si
1379 2414 1493 2452 enim
1526 2414 1612 2451 illic
1645 2415 1866 2451 narratum

311 2486 447 2523 esset:
501 2487 739 2534 „Antinous
787 2490 829 2525 et
870 2489 1167 2536 Eurymachus
1210 2489 1252 2526 in
1295 2490 1450 2526 conatu
1491 2489 1864 2537 perseverabant”,

311 2561 378 2599 hic
409 2563 701 2610 unusquisque
734 2567 1004 2612 exspectaret
1040 2565 1361 2613 „Eurymachus
1395 2566 1566 2603 etiam
1599 2576 1746 2604 arcum
1778 2576 1864 2604 ma-

310 2636 433 2674 nibus
478 2638 716 2686 versabat'',
753 2641 794 2676 et
827 2640 1058 2678 absurdum
1090 2641 1200 2679 foret
1236 2641 1438 2689 „iam...
1473 2641 1700 2679 versabat”
1735 2641 1785 2679 de
1818 2651 1865 2679 eo

308 2712 377 2759 qui
430 2723 649 2759 nunquam
690 2714 827 2752 desiit.
877 2715 995 2753 Nunc
1044 2726 1141 2754 cum
1189 2715 1275 2753 illic
1321 2716 1574 2763 legerimus:
1627 2716 1866 2764 „Antinous

307 2789 349 2826 et
395 2789 691 2837 Eurymachus
738 2790 926 2827 nondum
975 2791 1210 2829 omiserant
1258 2792 1471 2838 conatum,
1516 2791 1590 2828 sed
1632 2790 1866 2828 manebant

305 2865 477 2913 etiam'’‚
523 2865 701 2903 minime
745 2865 954 2903 miramur
996 2866 1065 2903 hic
1102 2866 1315 2914 legentes:
1354 2866 1550 2914 „iamque
1584 2866 1734 2911 (denuo
1767 2867 1865 2913 post
