2030 3439
623 990 967 1061 LIBER
1034 991 1244 1061 XVI.

217 1295 271 1333 33
319 1304 408 1342 sqq.
453 1294 517 1332 Ab
559 1294 746 1332 Eumaeo
789 1294 1002 1332 salutatus
1044 1293 1324 1332 Telemachus
1371 1295 1606 1342 „agedum”
1652 1295 1712 1333 ait

161 1381 312 1419 „narra
344 1370 478 1408 mihi''

398 1443 417 1457 >t

392 1460 417 1495 η
449 1459 515 1495 μοι
546 1441 596 1483 ἔτ’
633 1443 675 1483 ἐν
706 1444 860 1499 μεγάρῳ
893 1444 1017 1494 μήτηρ
1050 1442 1167 1494 μένει,
1198 1442 1242 1494 ἠέ
1272 1459 1326 1490 τις
1358 1442 1435 1494 ἤδη

393 1518 549 1572 ἀνδρῶν
581 1518 694 1566 ἄλλος
726 1518 880 1571 ἔγημεν,
905 1516 1120 1569 Ὀδυσσῆος
1153 1518 1194 1557 δέ
1224 1515 1319 1557 ποθ’
1357 1518 1452 1569 εὐνὴ

392 1592 491 1646 χήτε’
529 1593 742 1634 ἐνευναίων
773 1591 858 1633 κάκ’
896 1593 1060 1645 ἀράχνια
1092 1598 1212 1632 κεῖται
1244 1593 1394 1645 ἔχουσα.

215 1673 468 1712 Annotatis:
516 1671 641 1720 „quid
683 1671 770 1709 sint
812 1669 993 1709 ἐνεύναια
1037 1681 1089 1709 ex
1123 1672 1140 1716 ξ
1170 1672 1221 1709 51
1257 1672 1474 1719 apparet.’'
1508 1672 1711 1718 Equidem

156 1748 322 1786 nullum
355 1758 449 1786 esse
482 1747 803 1785 substantivum
836 1744 1016 1784 ἐνεύναια
1050 1747 1217 1794 opinor;
1252 1747 1325 1784 sed
1353 1745 1552 1793 ἐνεύναιος
1581 1748 1712 1785 adiec-

155 1823 295 1861 tivum
338 1824 415 1871 est,
460 1833 542 1870 quo
585 1833 695 1871 cum,
739 1824 787 1860 ut
828 1822 846 1867 ξ
890 1822 941 1860 51
976 1821 1036 1870 fit,
1076 1822 1345 1860 substantivo
1379 1819 1499 1870 δέρμα
1532 1822 1710 1870 additur,

156 1897 422 1947 significatur
468 1909 516 1937 eo
563 1899 723 1936 lectum
770 1898 903 1936 sterni
950 1897 1097 1945 solere,
1148 1899 1190 1935 et
1237 1897 1407 1944 quidem
1450 1897 1549 1945 quia
1592 1895 1713 1934 αὐτοῦ

157 1975 331 2023 accedit,
366 1974 501 2022 ipsius
532 1974 709 2012 Eumaei
744 1973 914 2012 lectum.
948 1973 1040 2011 Non
1073 1974 1219 2010 tamen
1251 1972 1319 2009 hic
1351 1972 1467 2010 vocis
1499 1970 1712 2010 ἐνευναίων

157 2060 253 2088 eam
291 2060 385 2088 esse
417 2050 508 2087 vim
540 2049 688 2097 opinor
719 2050 767 2086 ut
797 2044 890 2098 χήτέ
927 2046 1139 2085 ἐνευναίων
1171 2046 1382 2095 significet
1417 2047 1542 2095 „quia
1573 2047 1713 2084 nullae

157 2125 304 2163 insunt
350 2125 608 2173 stragulae.”
659 2124 881 2171 Stragulae
928 2124 1042 2161 enim
1093 2134 1175 2161 non
1223 2123 1447 2170 prohibent
1488 2122 1715 2169 quominus

157 2200 241 2238 filis
267 2201 358 2238 suis
384 2201 545 2239 lectum
572 2201 770 2238 intexant
797 2209 989 2237 araneae.
1018 2199 1066 2236 In
1095 2208 1346 2245 unoquoque
1373 2198 1413 2235 id
1441 2198 1531 2235 loco
1554 2197 1716 2235 faciunt

158 2276 241 2325 qui,
284 2276 413 2314 nullis
456 2286 504 2314 eo
546 2275 817 2314 venientibus
860 2273 1115 2321 hominibus,
1155 2273 1395 2320 negligitur.
1430 2274 1569 2319 Atque
1602 2272 1715 2309 idem

158 2352 226 2390 hic
268 2352 349 2390 dici
391 2353 493 2400 puto
537 2353 579 2389 et
611 2347 709 2401 χήτε’
747 2348 960 2387 ἐνευναίων
993 2359 1110 2387 esse:
1149 2348 1273 2396 „quia
1306 2348 1411 2386 nulli
1444 2348 1500 2385 ibi
1532 2347 1715 2385 dormire

158 2428 298 2466 solent
330 2427 570 2466 homines.’'

217 2578 272 2615 42
306 2577 460 2615 Introit
493 2586 591 2624 ergo
624 2574 801 2612 Eumaei
833 2573 1050 2612 stabulum
1083 2572 1376 2611 Telemachus.

395 2658 446 2704 τῷ
480 2647 517 2689 δ’
554 2649 669 2701 ἕδρης
702 2649 848 2688 ἐπιόντι
879 2647 1006 2698 πατὴρ
1024 2645 1229 2694 ὑπέλῑειξεν
1256 2643 1466 2692 Ὀδυσσεύς

217 2727 356 2765 Immo
389 2737 490 2765 vero
517 2723 748 2764 fingfsanev:
783 2724 929 2762 cedere
962 2723 1216 2761 Telemacho
1248 2723 1347 2761 sede
1380 2732 1458 2760 sua
1492 2721 1720 2759 volebat

158 2802 353 2851 Ulysses,
388 2802 462 2840 sed
493 2801 632 2840 vetuit
664 2799 968 2839 Telemachus:

395 2870 482 2926 ἧσο,
514 2872 622 2923 ξεῖν’·
655 2870 748 2925 ἦμες
783 2872 823 2912 δὲ
855 2872 917 2911 καὶ
953 2871 1093 2911 ἄλλοθι
1126 2872 1272 2923 δήομεν
1305 2870 1433 2923 ἕδρην.
