2030 3439
561 1081 907 1155 LIBER
974 1085 1144 1156 XII.

151 1376 203 1414 25
237 1386 327 1423 sqq.
361 1375 500 1414 Verba
532 1375 674 1414 Circes
701 1377 751 1414 ad
784 1377 986 1424 Uiyssem
1019 1377 1124 1415 haee
1156 1380 1277 1416 sunt:

654 1450 725 1503 ἐγὼ
759 1452 869 1498 δείξω
902 1450 996 1490 ὁδὸν
1030 1450 1096 1502 ἠδὲ
1127 1451 1297 1490 ,Ρὲκαστα

382 1525 577 1576 σημανέω,
608 1526 672 1564 ἵνα
704 1527 756 1576 μή
788 1542 820 1564 τι
850 1528 1097 1581 κακορραφίῃ
1129 1527 1304 1582 ἀλεγεινῇ

379 1599 404 1652 ἢ
437 1599 528 1648 ἁλὸς
560 1599 584 1652 ἢ
617 1601 678 1640 ἐπὶ
711 1608 780 1653 γῆς
813 1601 992 1653 ἀλγήσετε
1024 1609 1133 1653 πῆμα
1164 1603 1371 1649 παθόντες.

145 1677 213 1715 Sic
256 1678 443 1725 codices;
486 1688 564 1716 vos
606 1678 966 1726 praepositionem
1007 1676 1071 1716 ἐπί
1110 1679 1281 1717 insolito
1324 1679 1413 1716 loeo
1451 1680 1633 1726 positam

84 1762 168 1790 non
214 1753 400 1792 ferentes
446 1754 579 1792 Fiokii
627 1754 914 1792 ‘coniecturam
961 1751 985 1803 ἢ
1033 1751 1124 1799 ἁλὸς
1173 1751 1194 1803 3)
1241 1753 1353 1804 γαίης
1401 1755 1633 1801 recepistis.

85 1828 187 1866 Mihi
243 1830 388 1868 omnia
443 1829 615 1868 ferenda
672 1830 812 1877 potius
860 1830 1056 1867 videntur
1103 1839 1230 1876 quam
1277 1829 1634 1877 praepositionelri

85 1904 317 1942 deleamus.
348 1904 453 1952 Quid
481 1905 596 1943 enim
624 1902 647 1954 ἣ
676 1902 766 1950 ἁλὸς
792 1902 816 1954 ἢ
844 1909 913 1955 γῆς
941 1903 1226 1951 significabit?
1254 1905 1319 1942 An
1349 1915 1371 1941 a
1389 1905 1636 1959 κακορραφίῃ

85 1979 146 2017 1111
194 1980 372 2028 genitivi
418 1981 691 2028 pendebunt?
738 1981 794 2018 At
841 1980 1102 2029 κακορραφίαι
1144 1990 1227 2017 non
1270 1980 1402 2017 maris
1444 1982 1635 2018 terraeve

85 2056 186 2093 sunt
232 2055 306 2093 sed
352 2056 576 2094 hominum
624 2057 866 2094 deorumve.
916 2056 1074 2093 Deinde
1116 2055 1349 2093 leviuscula
1391 2056 1635 2103 corrigendo

86 2130 283 2168 morituri
314 2131 537 2169 reduviam
569 2142 716 2169 curare
747 2131 996 2179 videbimur,
1030 2132 1147 2168 totus
1174 2130 1290 2168 locus
1318 2140 1414 2168 eum
1442 2131 1498 2168 sit
1526 2131 1635 2178 inep-

84 2206 243 2244 tiarum
284 2206 447 2254 plenus.
493 2206 597 2255 Quid
635 2207 750 2244 enim
787 2206 859 2244 fiet
886 2207 968 2243 nisi
1001 2206 1171 2253 Ulyssis
1204 2205 1430 2243 comitibus
1463 2216 1487 2243 a
1519 2205 1635 2244 Circe

87 2281 156 2319 via
196 2283 438 2320 monstrata
481 2284 524 2320 et
565 2283 710 2320 omnia
750 2281 990 2330 significata
1033 2282 1187 2319 erunt?
1230 2281 1293 2318 Ad
1325 2291 1458 2318 unum
1486 2291 1635 2318 omnes

84 2356 318 2395 interibunt
352 2359 427 2396 aut
459 2358 657 2396 Sirenum
687 2358 842 2405 praeda
874 2357 975 2395 facti
1008 2358 1081 2394 aut
1108 2356 1317 2403 Charybdi
1345 2356 1534 2394 devorati
1563 2359 1636 2394 aut

85 2431 194 2470 Solis
241 2442 370 2471 causa
412 2443 437 2471 a
478 2433 543 2471 dis
585 2433 900 2471 immortalibus
941 2431 1219 2479 pessumdati.
1263 2431 1480 2468 Eiusmodi
1523 2432 1636 2469 mala

83 2506 136 2545 iis
182 2506 422 2556 significare
464 2508 605 2546 verbis
648 2518 753 2556 quae
796 2508 864 2545 hic
905 2507 1103 2554 leguntur
1144 2506 1320 2544 ridicula
1361 2507 1427 2544 est
1466 2507 1634 2544 lenitas.

85 2581 244 2620 Deinde
286 2583 388 2621 illud
425 2583 672 2636 κακορραφίῃ
704 2581 879 2636 ἀλεγεινῇ
912 2582 962 2620 ad
997 2582 1167 2619 Sirenas
1198 2581 1510 2628 quodammodo
1543 2592 1634 2620 con-

84 2658 215 2707 venit7
249 2669 356 2706 quae
388 2659 543 2697 blanda
573 2669 677 2697 voce
710 2658 962 2705 navigantes
996 2658 1046 2695 ad
1080 2667 1126 2694 se
1158 2656 1360 2704 alliciunt,
1396 2657 1469 2694 sed
1500 2667 1635 2703 neque

85 2732 295 2781 Charybdi
324 2736 423 2782 apta
450 2736 551 2772 sunt
578 2744 627 2772 ea
653 2733 871 2781 vocabula,
897 2742 1004 2779 quae
1022 2734 1173 2770 natura
1192 2742 1269 2769 sua
1287 2731 1428 2769 omnia
1447 2732 1632 2778 devorat,

85 2818 220 2855 neque
264 2809 360 2857 Soli,
405 2810 476 2856 qui
518 2819 677 2857 poenas
720 2809 856 2846 iustas
893 2809 1144 2855 sumpturus
1176 2809 1240 2844 est
1273 2818 1528 2854 permagnus·
1563 2807 1633 2843 im-

86 2883 271 2930 pietatis.
316 2884 527 2922 Haeccine
570 2895 668 2931 ergo
712 2884 855 2921 omnia
897 2883 1016 2929 ammi
1062 2883 1240 2928 bonique
1274 2883 1557 2919 consuluimus.
1595 2882 1632 2918 in

1513 2953 1528 2978 4
