2030 3439
1031 309 1109 346 104

287 434 562 472 balbutientis
594 434 706 481 sunt,
742 444 826 471 non
858 433 1083 480 loquentis.
1118 433 1225 470 Male
1258 434 1404 470 tamen
1431 441 1501 469 me
1529 430 1642 469 istud
1670 429 1844 475 ἅπαντας

286 509 434 546 habet:
464 519 635 547 secures
664 511 737 547 aut
764 509 972 547 tolluntur
999 508 1369 554 recondunturque
1398 508 1472 545 aut
1497 517 1574 546 suo
1602 507 1693 545 loeo
1721 505 1842 544 relin-
1879 504 1883 508 ’

285 585 492 631 quuntur;
536 584 609 621 sed
652 584 743 621 sive
786 584 864 622 hoo
906 582 953 620 fit
995 584 1085 620 sive
1129 583 1243 630 illud,
1289 583 1487 621 omnibus
1519 582 1567 620 fit
1599 581 1841 620 securibus:

286 660 335 697 de
378 661 498 707 parte
541 660 682 706 aliqua
723 659 910 697 tollenda
952 660 995 696 et
1027 660 1146 706 parte
1179 658 1455 705 relinquenda
1487 659 1672 706 cogitare
1704 658 1846 704 potest

289 745 427 772 nemo.

351 885 432 921 288
476 895 565 931 sqq.
611 885 663 922 Se
696 884 806 921 velle
840 884 1075 931 perieulum
1108 884 1247 921 faeere
1279 883 1459 929 Ulysses
1491 882 1527 920 si
1559 882 1668 920 forte
1701 890 1847 918 areum

288 959 461 997 tendere
504 960 638 1007 possit
681 959 751 996 ubi
784 959 904 1006 dixit,
940 958 1006 995 his
1040 958 1181 996 verbis
1213 957 1405 995 simulati
1437 957 1621 995 mendici
1653 966 1833 1003 arrogan

291 1034 396 1071 tiam
429 1035 550 1072 notat
582 1034 817 1072 Antinous:

527 1104 551 1146 ἆ
584 1106 712 1146 ὂὶειλὲ
745 1108 895 1157 ξείνων,
926 1107 983 1146 ἔνι
1017 1123 1074 1146 τοι
1108 1106 1247 1158 φρένες
1280 1103 1369 1146 οὐδ’
1405 1101 1429 1157 ἧ
1462 1106 1582 1157 βαιαί.

528 1183 599 1222 οὐκ
633 1182 786 1237 ἀγαπᾷς
821 1180 840 1221 ὃ
872 1182 1040 1233 ,Ρέκηλος
1073 1181 1349 1233 ὑπερφιάλοισι
1381 1178 1467 1231 μεθ’
1504 1176 1598 1232 ἧμιν

409 1261 491 1297 290
526 1259 709 1297 δαίνυσαι
743 1257 837 1298 οὐδέ
868 1275 901 1297 τι
936 1259 1065 1305 δαιτὸς
1098 1257 1295 1310 ἀμέρδεαι,
1326 1257 1449 1308 αὐτὰρ
1482 1256 1639 1304 ἀκούεις

528 1335 671 1384 μύθων
702 1332 897 1385 ἡμετέρων
930 1334 995 1373 καὶ
1027 1334 1182 1386 ῥήσιος;
1217 1333 1311 1373 οὐδέ
1342 1349 1397 1380 τις
1429 1331 1542 1380 ἄλλος

527 1408 722 1460 ἡμετέρων
755 1411 898 1458 μύθων
931 1412 1055 1457 ξεῖνος
1087 1409 1153 1448 καὶ
1185 1409 1333 1460 πτωχὸς
1368 1407 1513 1447 ἀκούει.

350 1486 496 1533 Inepte
539 1497 601 1524 vs.
648 1487 730 1524 289
775 1487 936 1525 dietum
980 1487 1149 1524 videtur
1195 1485 1468 1533 ὑτερφιάλοισι
1510 1481 1593 1533 μεθ’
1640 1481 1747 1533 ἡμῖν,
1778 1484 1852 1522 sed

292 1562 371 1599 hoo
411 1562 551 1599 mitto.
596 1562 723 1600 Gravi
767 1573 866 1600 vero
899 1562 1046 1600 morbo
1079 1562 1270 1600 laborare
1303 1571 1478 1599 versum
1513 1561 1594 1598 291
1630 1559 1852 1598 vobiscum

293 1647 456 1675 censeo.
491 1637 583 1675 Non
615 1637 742 1685 enim,
774 1638 883 1684 quod
911 1648 988 1675 vos
1015 1647 1180 1685 quoque
1208 1637 1251 1674 in
1280 1636 1556 1675 annotatione
1581 1635 1733 1683 dicitis,
1753 1634 1854 1672 ferri

291 1713 432 1759 potest
473 1711 536 1749 καὶ
580 1711 712 1761 ῥήσιος
755 1714 851 1760 post
894 1712 1049 1760 μύθων,
1091 1723 1188 1750 oum
1230 1711 1484 1760 praesertim
1522 1711 1595 1749 illa
1625 1721 1712 1748 vox
1744 1709 1852 1759 ῥῆσις

292 1797 503 1833 nusquam
537 1788 636 1825 alibi
668 1788 846 1835 legatur.
889 1788 1004 1836 Quod
1033 1790 1179 1825 autem
1206 1787 1389 1835 rogatis:
1423 1787 1609 1835 „latetne
1627 1785 1852 1823 nominati-

293 1872 372 1899 vus
405 1862 558 1909 aliquis
591 1862 634 1900 in
669 1861 731 1899 καὶ
764 1862 896 1912 ῥήσιος
910 1864 957 1900 ?''
991 1863 1246 1910 respondere
1280 1862 1410 1899 velim
1444 1862 1581 1899 multo
1614 1860 1722 1898 mihi
1748 1860 1852 1897 veri-

294 1937 479 1974 similIus
513 1938 645 1975 videri
678 1939 808 1976 aliam
840 1939 895 1976 ibi
929 1949 1079 1976 vocem
1113 1938 1257 1985 latere,
1293 1947 1400 1985 quae
1432 1947 1544 1974 nuno
1572 1947 1669 1974 cum
1696 1945 1853 1983 magno

295 2013 533 2049 sententiae
576 2013 833 2051 detrimento
877 2014 1152 2051 desideretur.
1191 2013 1339 2050 Nonne
1373 2013 1487 2050 enim
1521 2012 1701 2050 absurde
1733 2012 1855 2058 rogat

296 2087 530 2124 Antinous:
563 2087 751 2134 „satisne
778 2088 855 2126 tibi
883 2099 966 2126 non
1000 2090 1077 2135 est,
1107 2088 1217 2135 quod
1244 2087 1467 2125 nobiscum
1495 2087 1618 2124 sedes
1644 2096 1854 2133 eenasque

297 2164 338 2200 et
370 2173 591 2201 sermones
623 2165 793 2201 nostros
826 2164 959 2212 audiS,
995 2174 1131 2210 neque
1164 2164 1390 2210 quisquam
1419 2163 1528 2200 alius
1556 2163 1711 2209 hospes
1738 2171 1853 2199 men-

297 2238 468 2275 diousve
512 2248 584 2275 eos
627 2239 804 2276 audit”‘?
847 2239 994 2276 Nonne
1036 2237 1241 2276 beneficia
1283 2248 1360 2276 sua
1399 2238 1470 2275 alii
1503 2237 1757 2284 imputantis
1790 2236 1856 2273 est

297 2312 456 2350 dicere:
520 2313 655 2359 „quod
707 2313 784 2350 tibi
831 2323 943 2351 nune
990 2313 1041 2351 do
1091 2313 1319 2361 (permitto)
1367 2321 1644 2359 nunquam
1690 2311 1855 2348 antea

297 2388 496 2434 cuiquam
539 2387 632 2424 dedi
675 2388 940 2435 (permisi)''⁴?
982 2389 1112 2426 Deest
1149 2399 1246 2436 ergo
1289 2388 1539 2426 adverbium
1575 2385 1712 2435 πάρος,
1745 2385 1855 2432 quod

297 2463 332 2500 si
382 2464 481 2510 apta
522 2463 620 2500 huie
661 2464 805 2501 versui
850 2465 1163 2502 emendatione
1206 2464 1456 2502 restitutum
1499 2462 1590 2510 erit,
1640 2462 1856 2509 eleganter

295 2548 422 2575 suum
464 2538 543 2575 sibi
576 2538 755 2576 verbum
788 2539 831 2576 in
863 2540 1077 2586 praesenti
1115 2537 1276 2584 (ἀκούει)
1312 2538 1484 2576 habebit
1516 2538 1778 2576 adiunctum.

356 2686 439 2723 303
468 2696 529 2732 sq.
564 2686 737 2723 Ebrium
766 2686 980 2735 Ulyssem,
1012 2689 1081 2734 qui
1111 2687 1318 2726 eiusmodi
1343 2686 1500 2734 aliquid
1518 2697 1667 2734 rogare
1685 2685 1851 2733 audeat,

297 2761 508 2798 Antinous
537 2761 649 2808 dicit,
681 2763 722 2798 et
750 2772 856 2807 quae
886 2762 1001 2799 mala
1018 2763 1168 2801 afferre
1187 2763 1322 2800 soleat
1340 2762 1523 2799 nimium
1541 2761 1690 2799 vinum
1708 2761 1854 2798 narrat

295 2835 508 2872 afferendo
556 2836 752 2882 exemplo
802 2835 1001 2874 Centauri
1044 2837 1301 2884 Eurytionis,
1346 2837 1417 2884 qui
1459 2836 1568 2884 apud
1611 2835 1852 2873 Pirithoum
