2030 3439
1049 355 1128 393 134

369 484 404 518 A
437 483 543 520 501:
608 481 776 534 δεξιτερῇ
813 477 854 517 δέ
886 475 933 516 Ρ
956 475 1282 529 ὑπ’ἀνθερεῶνος
1315 476 1456 517 ἑλοῦσα
1488 475 1561 515 κτέ.

367 558 515 596 Latine
548 557 722 595 dicitur:
762 557 983 604 „mentum
1017 555 1108 593 eius
1135 556 1400 603 prehendit.''
1430 555 1585 593 ideone
1614 554 1745 592 ctiam
1772 565 1868 601 pro:

313 633 474 681 „filium
507 633 558 670 ad
591 643 637 670 se
672 632 881 670 traxit”
917 631 1130 669 dicemus:
1170 629 1329 678 „filium
1359 631 1411 668 ad
1439 640 1484 668 se
1512 629 1872 677 prehendit''?

368 710 403 745 E
436 709 543 747 353:
607 706 677 756 τὴν
710 704 785 757 ἄρα
819 708 928 757 Γῖρις
962 704 1105 744 ἑλοῦσα
1137 705 1360 756 ποδήνεμος
1393 701 1500 757 ἔξαγ’
1539 702 1688 754 ὁμίλου.

368 784 579 822 Venerem
607 794 632 821 a
657 782 861 821 Diomede
889 782 1162 820 vulneratam
1187 783 1391 830 metuque
1413 782 1742 820 semimortuam
1760 780 1873 819 ulnis

309 860 451 897 attolit
483 860 563 897 Iris
595 868 827 905 secumque
861 858 904 895 in
937 858 1074 896 altum
1108 858 1265 896 avehit.

368 935 543 973 Accedit
584 935 694 982 quod
737 935 885 972 nostro
918 934 1008 971 loco
1043 933 1145 971 illud
1179 928 1252 970 εἷλε
1284 933 1352 971 vel
1385 931 1506 984 ἀγκὰς
1538 928 1611 970 εἷλε
1643 933 1730 971 iam
1763 932 1876 971 inest

309 1012 351 1048 in
385 1010 474 1048 his:
509 1008 610 1059 ἀμφὶ
643 1006 684 1047 δὲ
718 1007 830 1047 παιδὶ
866 1008 966 1063 φίλῳ
995 1005 1104 1059 ’βάλε
1136 1008 1262 1059 πήχεε.
1298 1009 1423 1056 Sequi
1450 1009 1592 1056 potest
1624 1008 1781 1055 aliquid
1815 1008 1875 1046 illi

309 1087 420 1124 dicto
465 1087 707 1134 cognatum,
755 1086 828 1123 sed
871 1086 1018 1122 tamen
1057 1095 1141 1122 non
1173 1095 1347 1132 prorsus
1380 1084 1505 1122 idem.
1541 1084 1786 1122 Absurdum
1818 1084 1876 1122 sit

310 1162 467 1200 iterum
510 1161 604 1198 aliis
648 1161 789 1199 verbis
823 1161 982 1198 dicere:
1021 1160 1274 1208 „amplexus
1307 1170 1405 1198 eum
1440 1160 1547 1198 est.”
1577 1159 1690 1216 *Quid
1728 1160 1873 1198 autem

307 1237 410 1275 illud
439 1237 536 1274 est?
565 1236 670 1284 Quid
699 1236 769 1284 qui
797 1236 923 1274 alicui
950 1236 1037 1274 iam
1066 1235 1329 1274 circumiecit
1356 1235 1540 1284 brachia,
1566 1235 1873 1274 deinde‘eidem

308 1312 461 1350 iisdem
503 1312 688 1350 brachiis
731 1312 870 1350 facere
912 1312 1085 1360 potest?
1128 1311 1188 1349 Ne
1233 1312 1410 1359 cogitari
1453 1311 1623 1358 quidem
1656 1311 1725 1349 hic
1757 1310 1871 1358 quid-

309 1398 439 1435 quam
482 1388 595 1426 aliud
636 1389 777 1436 potest
820 1398 948 1435 quam
992 1389 1092 1426 hoc:
1140 1389 1209 1436 „et
1251 1388 1301 1425 ad
1345 1397 1390 1425 se
1432 1387 1565 1425 traxit
1608 1387 1772 1425 illum”.
1816 1387 1874 1424 At

311 1464 441 1501 nimis
474 1463 712 1502 violentum
745 1474 839 1501 esse
872 1458 994 1501 εἷλκεν
1028 1474 1081 1501 ex
1114 1464 1194 1501 hoc
1225 1474 1352 1501 versu
1386 1473 1587 1511 apparere
1620 1463 1782 1500 dicitis:

370 1542 408 1575 A
443 1540 525 1576 239
709 1533 794 1576 star?
834 1537 895 1576 ἐπὶ
927 1537 996 1576 fol
1029 1537 1183 1588 μεμαὼς
1218 1538 1269 1584 ὥς
1300 1553 1338 1576 τε
1370 1538 1437 1584 λίς.

370 1614 519 1652 Omnis
562 1615 630 1652 1110
676 1615 881 1652 violentia
923 1615 1036 1653 inest
1069 1616 1111 1652 in
1144 1615 1365 1663 participio
1402 1613 1557 1664 μεμαώς
1589 1616 1632 1652 et
1665 1615 1707 1652 in
1739 1614 1874 1652 leonis

310 1689 508 1738 imagine,
553 1699 654 1727 nam
697 1690 838 1737 ipsum
882 1690 1062 1728 verbum
1105 1688 1227 1728 ἕλκειν
1264 1691 1396 1728 nihilo
1429 1691 1524 1738 plus
1557 1690 1685 1728 habet
1717 1689 1874 1727 virium

310 1775 439 1811 quam
472 1764 674 1802 Latinum
710 1765 947 1813 „trahere”.
982 1766 1034 1803 Et
1060 1765 1096 1803 si
1126 1766 1312 1815 haberet,
1343 1766 1441 1804 huic
1468 1766 1558 1804 1000
1587 1767 1703 1804 esset
1720 1765 1874 1813 aptius.

312 1841 458 1878 Nonne
487 1840 603 1878 enim
631 1841 724 1888 ipsa
742 1842 898 1879 caritas
917 1842 1143 1889 amplexus
1162 1843 1341 1881 artiores
1360 1843 1498 1880 reddit
1515 1842 1874 1880 vehementiores-

310 1927 389 1963 que
402 1918 421 1954 ⁴?
449 1917 596 1954 Nonne
624 1917 777 1955 simiae
795 1928 896 1955 suos
913 1918 1068 1955 liberos
1087 1928 1232 1956 amore
1251 1918 1459 1956 suffocare
1478 1918 1706 1956 dicuntur?
1725 1918 1805 1956 Sed
1823 1917 1873 1956 de

311 1993 463 2030 Laerta
491 1992 715 2030 robustum
739 1992 876 2031 filium
895 1994 1172 2041 amplexante
1190 1995 1295 2032 nihil
1314 1994 1523 2032 eiusmodi
1542 1995 1608 2032 est
1624 1994 1871 2032 verendum.

368 2142 448 2179 :3⁸97
485 2152 546 2189 sq.
584 2142 647 2179 Ad
680 2142 884 2189 Ulyssem
919 2144 1103 2181 accurrit
1135 2143 1282 2181 Dolius
1316 2155 1449 2182 0011οΧ

1196 2222 1294 2269 χεῖρε
1328 2219 1521 2265 πετάσσας

519 2290 650 2342 ἄμφω,
675 2289 890 2342 Ὀδυσσῆος
924 2290 965 2330 δὲ
997 2291 1130 2343 λαβὼν
1157 2291 1267 2332 ’κύσε
1300 2291 1393 2345 χεῖρ’
1433 2293 1494 2332 ἐπὶ
1527 2301 1674 2347 καρπῷ.

371 2368 600 2415 Agnoscite
628 2367 820 2415 ineptum
850 2368 1128 2417 imitatorem,
1159 2370 1229 2416 qui
1259 2379 1356 2407 cum
1384 2370 1537 2407 alicubi
1565 2370 1716 2417 legerit
1734 2368 1872 2407 οὔτασε

313 2439 408 2493 χεῖρ’
459 2440 521 2480 ἐπὶ
562 2450 712 2496 καρπῷ,
754 2445 795 2481 et
838 2443 887 2481 de
929 2444 1199 2492 saltantibus,
1245 2455 1376 2482 manu
1419 2445 1682 2493 ducentibus,
1718 2456 1872 2483 manus

311 2519 490 2557 alicuius
524 2529 574 2556 ne
608 2519 716 2556 elabi
744 2519 811 2556 Vel
845 2530 1079 2567 repugnare
1112 2520 1248 2567 possit
1279 2520 1661 2567 prehendentibus:
1698 2519 1753 2558 ἕλε
1771 2517 1890 2570 χεῖρ’4

310 2592 370 2631 ἐπὶ
416 2600 565 2647 καρπῷ,
602 2594 833 2632 admodum
875 2594 955 2632 sibi
998 2595 1170 2642 elegans
1214 2595 1408 2633 videatur
1451 2606 1549 2633 cum
1591 2606 1765 2634 versum
1807 2595 1870 2634 sic

308 2669 479 2717 expleat
507 2665 646 2707 ’κύσε
680 2665 772 2719 χεῖρ’
811 2667 872 2707 ἐπὶ
905 2676 1053 2723 καρπῷ.

363 2819 446 2855 478
495 2828 584 2865 sqq.
635 2818 817 2865 Roganti
866 2818 1092 2867 Minervae,
1142 2820 1241 2866 quid
1283 2819 1373 2857 fieri
1417 2820 1523 2858 velit
1566 2822 1715 2859 exorto
1759 2821 1868 2859 bello

305 2894 506 2941 Ulyssem
542 2894 652 2932 inter
685 2895 727 2932 et
761 2905 985 2942 procorum
1019 2897 1234 2944 cognatos,
1270 2896 1497 2944 respondet
1530 2895 1714 2944 Iupiter:
