<?xml version="1.0" encoding="UTF-8"?>
<!DOCTYPE html PUBLIC "-//W3C//DTD XHTML 1.0 Transitional//EN"
    "http://www.w3.org/TR/xhtml1/DTD/xhtml1-transitional.dtd">
<html xmlns="http://www.w3.org/1999/xhtml" xml:lang="en" lang="en">
 <head>
  <title>
</title>
<meta http-equiv="Content-Type" content="text/html;charset=utf-8" />
  <meta name='ocr-system' content='tesseract 3.04.00' />
  <meta name='ocr-capabilities' content='ocr_page ocr_carea ocr_par ocr_line ocrx_word'/>
</head>
<body>
  <div class='ocr_page' id='page_1' title='image "./epistolacriticaa00hartuoft_0110.png"; bbox 0 0 2030 3439; ppageno 0'>
   <div class='ocr_carea' id='block_1_1' title="bbox 1060 336 1114 380">
    <p class='ocr_par' dir='ltr' id='par_1_1' title="bbox 1060 336 1114 380">
     <span class='ocr_line' id='line_1_1' title="bbox 1060 336 1114 380; baseline 0.019 -1"><span class='ocrx_word' id='word_1_1' title='bbox 1060 336 1114 380; x_wconf 76' lang='lat'>98</span> 
     </span>
    </p>
   </div>
   <div class='ocr_carea' id='block_1_2' title="bbox 306 461 1861 668">
    <p class='ocr_par' dir='ltr' id='par_1_2' title="bbox 306 461 1861 668">
     <span class='ocr_line' id='line_1_2' title="bbox 308 461 1861 514; baseline -0.003 -10"><span class='ocrx_word' id='word_1_2' title='bbox 308 476 404 504; x_wconf 82' lang='lat' dir='ltr'>cum</span> <span class='ocrx_word' id='word_1_3' title='bbox 432 466 684 514; x_wconf 82' lang='lat' dir='ltr'>praesertim</span> <span class='ocrx_word' id='word_1_4' title='bbox 712 465 983 513; x_wconf 88' lang='lat' dir='ltr'>perspicuum</span> <span class='ocrx_word' id='word_1_5' title='bbox 1001 465 1069 513; x_wconf 79' lang='lat' dir='ltr'>sit,</span> <span class='ocrx_word' id='word_1_6' title='bbox 1090 465 1188 511; x_wconf 89' lang='lat' dir='ltr'>quid</span> <span class='ocrx_word' id='word_1_7' title='bbox 1207 465 1245 503; x_wconf 92' lang='lat' dir='ltr'>ei</span> <span class='ocrx_word' id='word_1_8' title='bbox 1262 464 1465 503; x_wconf 74' lang='lat' dir='ltr'>nocuerit.</span> <span class='ocrx_word' id='word_1_9' title='bbox 1486 462 1706 501; x_wconf 74' lang='lat' dir='ltr'>Praecedit</span> <span class='ocrx_word' id='word_1_10' title='bbox 1724 461 1861 501; x_wconf 89' lang='lat' dir='ltr'>enim:</span> 
     </span>
     <span class='ocr_line' id='line_1_3' title="bbox 542 536 1564 593; baseline -0.002 -15"><span class='ocrx_word' id='word_1_11' title='bbox 542 541 772 590; x_wconf 70' lang='grc' dir='ltr'><em>Κτήσιππον</em></span> <span class='ocrx_word' id='word_1_12' title='bbox 805 536 840 577; x_wconf 82' lang='grc' dir='ltr'>δ’</span> <span class='ocrx_word' id='word_1_13' title='bbox 875 537 951 588; x_wconf 74' lang='grc' dir='ltr'>ἄρα</span> <span class='ocrx_word' id='word_1_14' title='bbox 989 537 1209 590; x_wconf 82' lang='grc' dir='ltr'><em>Τηλέμαχος</em></span> <span class='ocrx_word' id='word_1_15' title='bbox 1242 538 1414 589; x_wconf 80' lang='grc' dir='ltr'><em>ἠνίπαπε</em></span> <span class='ocrx_word' id='word_1_16' title='bbox 1445 538 1564 593; x_wconf 82' lang='grc' dir='ltr'><em>μύθῳ</em></span> 
     </span>
     <span class='ocr_line' id='line_1_4' title="bbox 306 615 1564 668; baseline -0.002 -14"><span class='ocrx_word' id='word_1_17' title='bbox 306 627 403 664; x_wconf 78' lang='lat' dir='ltr'>crgo</span> <span class='ocrx_word' id='word_1_18' title='bbox 437 628 457 654; x_wconf 87' lang='lat' dir='ltr'>e</span> <span class='ocrx_word' id='word_1_19' title='bbox 490 626 618 664; x_wconf 88' lang='lat' dir='ltr'>supra</span> <span class='ocrx_word' id='word_1_20' title='bbox 650 616 786 663; x_wconf 85' lang='lat' dir='ltr'>posito</span> <span class='ocrx_word' id='word_1_21' title='bbox 820 615 937 668; x_wconf 83' lang='grc' dir='ltr'><em>μύθῳ</em></span> <span class='ocrx_word' id='word_1_22' title='bbox 970 615 1089 653; x_wconf 90' lang='lat' dir='ltr'>nasci</span> <span class='ocrx_word' id='word_1_23' title='bbox 1122 615 1236 653; x_wconf 87' lang='lat' dir='ltr'>istud</span> <span class='ocrx_word' id='word_1_24' title='bbox 1269 618 1386 668; x_wconf 78' lang='grc' dir='ltr'><em>θυμῷ</em></span> <span class='ocrx_word' id='word_1_25' title='bbox 1414 615 1564 663; x_wconf 84' lang='lat' dir='ltr'>potuit.</span> 
     </span>
    </p>
   </div>
   <div class='ocr_carea' id='block_1_3' title="bbox 299 755 1861 1634">
    <p class='ocr_par' dir='ltr' id='par_1_3' title="bbox 302 755 1861 1104">
     <span class='ocr_line' id='line_1_5' title="bbox 364 755 1861 804; baseline -0.001 -10"><span class='ocrx_word' id='word_1_26' title='bbox 364 758 447 795; x_wconf 74' lang='lat'>339</span> <span class='ocrx_word' id='word_1_27' title='bbox 476 768 564 804; x_wconf 88' lang='lat' dir='ltr'>sqq.</span> <span class='ocrx_word' id='word_1_28' title='bbox 600 757 694 793; x_wconf 83' lang='lat' dir='ltr'>Iure</span> <span class='ocrx_word' id='word_1_29' title='bbox 728 766 751 793; x_wconf 89' lang='lat' dir='ltr'>a</span> <span class='ocrx_word' id='word_1_30' title='bbox 779 756 1033 794; x_wconf 76' lang='lat' dir='ltr'>Telemacho</span> <span class='ocrx_word' id='word_1_31' title='bbox 1062 756 1368 803; x_wconf 86' lang='lat' dir='ltr'>reprehensum</span> <span class='ocrx_word' id='word_1_32' title='bbox 1399 756 1646 803; x_wconf 87' lang='lat' dir='ltr'>Ctesippum</span> <span class='ocrx_word' id='word_1_33' title='bbox 1674 755 1861 793; x_wconf 75' lang='lat' dir='ltr'>declarat</span> 
     </span>
     <span class='ocr_line' id='line_1_6' title="bbox 304 831 1861 879; baseline -0.001 -10"><span class='ocrx_word' id='word_1_34' title='bbox 304 832 489 879; x_wconf 82' lang='lat' dir='ltr'>Agelaus</span> <span class='ocrx_word' id='word_1_35' title='bbox 531 842 755 879; x_wconf 84' lang='lat' dir='ltr'>procorum</span> <span class='ocrx_word' id='word_1_36' title='bbox 796 842 920 879; x_wconf 75' lang='lat' dir='ltr'>unUS,</span> <span class='ocrx_word' id='word_1_37' title='bbox 956 831 1029 868; x_wconf 88' lang='lat' dir='ltr'>sed</span> <span class='ocrx_word' id='word_1_38' title='bbox 1062 831 1178 869; x_wconf 88' lang='lat' dir='ltr'>addit</span> <span class='ocrx_word' id='word_1_39' title='bbox 1210 831 1298 869; x_wconf 89' lang='lat' dir='ltr'>iam</span> <span class='ocrx_word' id='word_1_40' title='bbox 1330 831 1602 878; x_wconf 80' lang='lat' dir='ltr'>praeteriisse</span> <span class='ocrx_word' id='word_1_41' title='bbox 1635 831 1861 869; x_wconf 90' lang='lat' dir='ltr'>cunctandi</span> 
     </span>
     <span class='ocr_line' id='line_1_7' title="bbox 303 906 1861 961; baseline 0 -17"><span class='ocrx_word' id='word_1_42' title='bbox 303 907 603 953; x_wconf 75' lang='lat' dir='ltr'>differendique</span> <span class='ocrx_word' id='word_1_43' title='bbox 651 909 843 954; x_wconf 82' lang='lat' dir='ltr'>tempus;</span> <span class='ocrx_word' id='word_1_44' title='bbox 887 916 971 943; x_wconf 92' lang='lat' dir='ltr'>non</span> <span class='ocrx_word' id='word_1_45' title='bbox 1014 906 1129 943; x_wconf 84' lang='lat' dir='ltr'>enim</span> <span class='ocrx_word' id='word_1_46' title='bbox 1171 906 1332 954; x_wconf 86' lang='lat' dir='ltr'>sperari</span> <span class='ocrx_word' id='word_1_47' title='bbox 1365 907 1496 944; x_wconf 89' lang='lat' dir='ltr'>etiam</span> <span class='ocrx_word' id='word_1_48' title='bbox 1527 916 1653 961; x_wconf 87' lang='lat' dir='ltr'>posse</span> <span class='ocrx_word' id='word_1_49' title='bbox 1689 906 1861 954; x_wconf 87' lang='lat' dir='ltr'>Ulyssis</span> 
     </span>
     <span class='ocr_line' id='line_1_8' title="bbox 302 981 1861 1029; baseline 0.001 -10"><span class='ocrx_word' id='word_1_50' title='bbox 302 983 498 1019; x_wconf 86' lang='lat' dir='ltr'>reditum.</span> <span class='ocrx_word' id='word_1_51' title='bbox 548 982 689 1019; x_wconf 89' lang='lat' dir='ltr'>Monet</span> <span class='ocrx_word' id='word_1_52' title='bbox 737 991 835 1029; x_wconf 82' lang='lat' dir='ltr'>ergo</span> <span class='ocrx_word' id='word_1_53' title='bbox 879 981 1185 1019; x_wconf 82' lang='lat' dir='ltr'>Telemachum</span> <span class='ocrx_word' id='word_1_54' title='bbox 1228 982 1276 1019; x_wconf 90' lang='lat' dir='ltr'>ut</span> <span class='ocrx_word' id='word_1_55' title='bbox 1316 983 1503 1019; x_wconf 87' lang='lat' dir='ltr'>matrem</span> <span class='ocrx_word' id='word_1_56' title='bbox 1546 982 1690 1020; x_wconf 86' lang='lat' dir='ltr'>iubeat</span> <span class='ocrx_word' id='word_1_57' title='bbox 1731 992 1861 1029; x_wconf 90' lang='lat' dir='ltr'>quam</span> 
     </span>
     <span class='ocr_line' id='line_1_9' title="bbox 302 1056 1859 1104; baseline 0.001 -10"><span class='ocrx_word' id='word_1_58' title='bbox 302 1057 487 1104; x_wconf 87' lang='lat' dir='ltr'>primum</span> <span class='ocrx_word' id='word_1_59' title='bbox 520 1057 593 1093; x_wconf 88' lang='lat' dir='ltr'>uni</span> <span class='ocrx_word' id='word_1_60' title='bbox 619 1067 843 1104; x_wconf 86' lang='lat' dir='ltr'>procorum</span> <span class='ocrx_word' id='word_1_61' title='bbox 871 1056 1042 1094; x_wconf 88' lang='lat' dir='ltr'>nubere.</span> <span class='ocrx_word' id='word_1_62' title='bbox 1071 1057 1182 1094; x_wconf 84' lang='lat' dir='ltr'>Huic</span> <span class='ocrx_word' id='word_1_63' title='bbox 1210 1058 1272 1094; x_wconf 91' lang='lat' dir='ltr'>sic</span> <span class='ocrx_word' id='word_1_64' title='bbox 1298 1057 1525 1104; x_wconf 88' lang='lat' dir='ltr'>respondet</span> <span class='ocrx_word' id='word_1_65' title='bbox 1558 1057 1859 1095; x_wconf 78' lang='lat' dir='ltr'>Telemachus:</span> 
     </span>
    </p>

    <p class='ocr_par' dir='ltr' id='par_1_4' title="bbox 533 1127 1577 1411">
     <span class='ocr_line' id='line_1_10' title="bbox 537 1127 1577 1182; baseline 0.001 -14"><span class='ocrx_word' id='word_1_66' title='bbox 537 1131 582 1169; x_wconf 76' lang='grc' dir='ltr'>οὐ</span> <span class='ocrx_word' id='word_1_67' title='bbox 616 1129 668 1180; x_wconf 81' lang='grc' dir='ltr'>μὰ</span> <span class='ocrx_word' id='word_1_68' title='bbox 701 1127 809 1181; x_wconf 74' lang='grc' dir='ltr'><em>Ζῆν’,</em></span> <span class='ocrx_word' id='word_1_69' title='bbox 842 1129 1001 1182; x_wconf 77' lang='grc' dir='ltr'><em>Ἀγέλαε,</em></span> <span class='ocrx_word' id='word_1_70' title='bbox 1032 1129 1098 1168; x_wconf 81' lang='grc' dir='ltr'>καὶ</span> <span class='ocrx_word' id='word_1_71' title='bbox 1130 1129 1246 1182; x_wconf 78' lang='grc' dir='ltr'><em>ἄλγεα</em></span> <span class='ocrx_word' id='word_1_72' title='bbox 1278 1131 1423 1181; x_wconf 82' lang='grc' dir='ltr'><em>πατρὸς</em></span> <span class='ocrx_word' id='word_1_73' title='bbox 1457 1130 1577 1181; x_wconf 83' lang='grc' dir='ltr'><em>ἐμοῖο,</em></span> 
     </span>
     <span class='ocr_line' id='line_1_11' title="bbox 536 1202 1547 1258; baseline 0 -14"><span class='ocrx_word' id='word_1_74' title='bbox 536 1205 576 1252; x_wconf 81' lang='grc' dir='ltr'>ὅς</span> <span class='ocrx_word' id='word_1_75' title='bbox 608 1210 708 1244; x_wconf 89' lang='grc' dir='ltr'><em>ποθι</em></span> <span class='ocrx_word' id='word_1_76' title='bbox 740 1202 816 1256; x_wconf 81' lang='grc' dir='ltr'><em>τῆλ’</em></span> <span class='ocrx_word' id='word_1_77' title='bbox 849 1202 1009 1256; x_wconf 79' lang='grc' dir='ltr'><em>Ἰθάκης</em></span> <span class='ocrx_word' id='word_1_78' title='bbox 1042 1204 1066 1257; x_wconf 75' lang='grc' dir='ltr'><strong>ἢ</strong></span> <span class='ocrx_word' id='word_1_79' title='bbox 1099 1205 1259 1256; x_wconf 76' lang='grc' dir='ltr'><em>ἔφθιται</em></span> <span class='ocrx_word' id='word_1_80' title='bbox 1291 1205 1315 1258; x_wconf 75' lang='grc' dir='ltr'><strong>ἢ</strong></span> <span class='ocrx_word' id='word_1_81' title='bbox 1348 1205 1547 1257; x_wconf 74' lang='grc' dir='ltr'><em>ἀλάληται,</em></span> 
     </span>
     <span class='ocr_line' id='line_1_12' title="bbox 535 1279 1514 1333; baseline 0.001 -14"><span class='ocrx_word' id='word_1_82' title='bbox 535 1279 583 1320; x_wconf 73' lang='grc' dir='ltr'>οὔ</span> <span class='ocrx_word' id='word_1_83' title='bbox 614 1297 648 1319; x_wconf 86' lang='grc' dir='ltr'>τι</span> <span class='ocrx_word' id='word_1_84' title='bbox 680 1281 864 1333; x_wconf 81' lang='grc' dir='ltr'><em>διατρίβω</em></span> <span class='ocrx_word' id='word_1_85' title='bbox 897 1280 1040 1332; x_wconf 83' lang='grc' dir='ltr'><em>μητρὸς</em></span> <span class='ocrx_word' id='word_1_86' title='bbox 1073 1281 1214 1333; x_wconf 81' lang='grc' dir='ltr'><em>γάμον,</em></span> <span class='ocrx_word' id='word_1_87' title='bbox 1245 1280 1340 1320; x_wconf 80' lang='grc' dir='ltr'><em>ἀλλὰ</em></span> <span class='ocrx_word' id='word_1_88' title='bbox 1371 1282 1514 1321; x_wconf 73' lang='grc' dir='ltr'><em>κελεύω</em></span> 
     </span>
     <span class='ocr_line' id='line_1_13' title="bbox 533 1353 1102 1411; baseline 0.002 -17"><span class='ocrx_word' id='word_1_89' title='bbox 533 1353 702 1408; x_wconf 79' lang='grc' dir='ltr'><em>γήμασθ’</em></span> <span class='ocrx_word' id='word_1_90' title='bbox 739 1353 768 1411; x_wconf 77' lang='grc' dir='ltr'><em>ᾧ</em></span> <span class='ocrx_word' id='word_1_91' title='bbox 801 1353 832 1394; x_wconf 78' lang='grc' dir='ltr'>κ’</span> <span class='ocrx_word' id='word_1_92' title='bbox 869 1355 999 1410; x_wconf 79' lang='grc' dir='ltr'><em>ἐθέλῃ,</em></span> <span class='ocrx_word' id='word_1_93' title='bbox 1029 1355 1102 1395; x_wconf 79' lang='grc' dir='ltr'>κτὲ.</span> 
     </span>
    </p>

    <p class='ocr_par' dir='ltr' id='par_1_5' title="bbox 299 1432 1860 1634">
     <span class='ocr_line' id='line_1_14' title="bbox 361 1432 1860 1482; baseline 0.001 -12"><span class='ocrx_word' id='word_1_94' title='bbox 361 1432 461 1480; x_wconf 74' lang='lat' dir='ltr'>Quis</span> <span class='ocrx_word' id='word_1_95' title='bbox 495 1444 685 1481; x_wconf 87' lang='lat' dir='ltr'>unquam</span> <span class='ocrx_word' id='word_1_96' title='bbox 720 1434 876 1471; x_wconf 86' lang='lat' dir='ltr'>iuravit</span> <span class='ocrx_word' id='word_1_97' title='bbox 903 1444 976 1481; x_wconf 87' lang='lat' dir='ltr'>per</span> <span class='ocrx_word' id='word_1_98' title='bbox 1009 1434 1231 1471; x_wconf 85' lang='lat' dir='ltr'>dolores</span> <span class='ocrx_word' id='word_1_99' title='bbox 1264 1434 1456 1482; x_wconf 86' lang='lat' dir='ltr'>alicuius,</span> <span class='ocrx_word' id='word_1_100' title='bbox 1485 1435 1741 1482; x_wconf 89' lang='lat' dir='ltr'>praesertim</span> <span class='ocrx_word' id='word_1_101' title='bbox 1769 1435 1860 1473; x_wconf 90' lang='lat' dir='ltr'>eius</span> 
     </span>
     <span class='ocr_line' id='line_1_15' title="bbox 299 1509 1860 1558; baseline 0.002 -13"><span class='ocrx_word' id='word_1_102' title='bbox 299 1518 425 1554; x_wconf 87' lang='lat' dir='ltr'>quem</span> <span class='ocrx_word' id='word_1_103' title='bbox 469 1510 619 1556; x_wconf 87' lang='lat' dir='ltr'>putent</span> <span class='ocrx_word' id='word_1_104' title='bbox 651 1519 801 1547; x_wconf 89' lang='lat' dir='ltr'>omnes</span> <span class='ocrx_word' id='word_1_105' title='bbox 834 1509 920 1546; x_wconf 88' lang='lat' dir='ltr'>iam</span> <span class='ocrx_word' id='word_1_106' title='bbox 951 1519 1202 1557; x_wconf 89' lang='lat' dir='ltr'>supremum</span> <span class='ocrx_word' id='word_1_107' title='bbox 1235 1509 1390 1547; x_wconf 85' lang='lat' dir='ltr'>obiisse</span> <span class='ocrx_word' id='word_1_108' title='bbox 1423 1510 1568 1547; x_wconf 84' lang='lat' dir='ltr'>diem?</span> <span class='ocrx_word' id='word_1_109' title='bbox 1600 1510 1860 1558; x_wconf 89' lang='lat' dir='ltr'>Imperitone</span> 
     </span>
     <span class='ocr_line' id='line_1_16' title="bbox 300 1582 1763 1634; baseline 0.002 -14"><span class='ocrx_word' id='word_1_110' title='bbox 300 1584 449 1630; x_wconf 81' lang='lat' dir='ltr'>poetae</span> <span class='ocrx_word' id='word_1_111' title='bbox 483 1584 595 1622; x_wconf 87' lang='lat' dir='ltr'>istud</span> <span class='ocrx_word' id='word_1_112' title='bbox 628 1582 744 1634; x_wconf 73' lang='grc' dir='ltr'><em>ἄλγεα</em></span> <span class='ocrx_word' id='word_1_113' title='bbox 776 1582 920 1633; x_wconf 83' lang='grc' dir='ltr'><em>πατρὸς</em></span> <span class='ocrx_word' id='word_1_114' title='bbox 953 1582 1060 1633; x_wconf 83' lang='grc' dir='ltr'>ἐμοῖο</span> <span class='ocrx_word' id='word_1_115' title='bbox 1093 1585 1269 1622; x_wconf 86' lang='lat' dir='ltr'>debetur</span> <span class='ocrx_word' id='word_1_116' title='bbox 1300 1595 1354 1623; x_wconf 91' lang='lat' dir='ltr'>an</span> <span class='ocrx_word' id='word_1_117' title='bbox 1386 1585 1529 1633; x_wconf 87' lang='lat' dir='ltr'>inepto</span> <span class='ocrx_word' id='word_1_118' title='bbox 1560 1585 1763 1624; x_wconf 86' lang='lat' dir='ltr'>librario?</span> 
     </span>
    </p>
   </div>
   <div class='ocr_carea' id='block_1_4' title="bbox 298 1724 1858 2678">
    <p class='ocr_par' dir='ltr' id='par_1_6' title="bbox 298 1724 1858 2073">
     <span class='ocr_line' id='line_1_17' title="bbox 359 1724 1855 1775; baseline 0.003 -14"><span class='ocrx_word' id='word_1_119' title='bbox 359 1724 442 1761; x_wconf 77' lang='lat'>373</span> <span class='ocrx_word' id='word_1_120' title='bbox 491 1734 552 1771; x_wconf 90' lang='lat' dir='ltr'>sq.</span> <span class='ocrx_word' id='word_1_121' title='bbox 597 1724 938 1771; x_wconf 88' lang='lat' dir='ltr'>Theoclymenus</span> <span class='ocrx_word' id='word_1_122' title='bbox 975 1726 1098 1763; x_wconf 88' lang='lat' dir='ltr'>vates</span> <span class='ocrx_word' id='word_1_123' title='bbox 1130 1726 1321 1774; x_wconf 84' lang='lat' dir='ltr'>prodigia</span> <span class='ocrx_word' id='word_1_124' title='bbox 1352 1725 1468 1764; x_wconf 87' lang='lat' dir='ltr'>videt</span> <span class='ocrx_word' id='word_1_125' title='bbox 1499 1726 1736 1764; x_wconf 73' lang='lat' dir='ltr'>instantem</span> <span class='ocrx_word' id='word_1_126' title='bbox 1767 1737 1855 1775; x_wconf 88' lang='lat' dir='ltr'>per-</span> 
     </span>
     <span class='ocr_line' id='line_1_18' title="bbox 299 1798 1858 1849; baseline 0.003 -13"><span class='ocrx_word' id='word_1_127' title='bbox 299 1799 453 1837; x_wconf 87' lang='lat' dir='ltr'>niciem</span> <span class='ocrx_word' id='word_1_128' title='bbox 492 1798 799 1847; x_wconf 84' lang='lat' dir='ltr'>significantia;</span> <span class='ocrx_word' id='word_1_129' title='bbox 833 1811 982 1848; x_wconf 90' lang='lat' dir='ltr'>procos</span> <span class='ocrx_word' id='word_1_130' title='bbox 1019 1811 1132 1849; x_wconf 80' lang='lat' dir='ltr'>vero,</span> <span class='ocrx_word' id='word_1_131' title='bbox 1168 1812 1348 1849; x_wconf 87' lang='lat' dir='ltr'>quorum</span> <span class='ocrx_word' id='word_1_132' title='bbox 1390 1803 1560 1839; x_wconf 84' lang='lat' dir='ltr'>mentes</span> <span class='ocrx_word' id='word_1_133' title='bbox 1591 1802 1858 1849; x_wconf 84' lang='lat' dir='ltr'>perturbavit</span> 
     </span>
     <span class='ocr_line' id='line_1_19' title="bbox 298 1874 1855 1925; baseline 0.004 -15"><span class='ocrx_word' id='word_1_134' title='bbox 298 1874 499 1921; x_wconf 77' lang='lat' dir='ltr'>Minerva,</span> <span class='ocrx_word' id='word_1_135' title='bbox 545 1885 594 1912; x_wconf 87' lang='lat' dir='ltr'>ea</span> <span class='ocrx_word' id='word_1_136' title='bbox 635 1875 782 1913; x_wconf 92' lang='lat' dir='ltr'>latent.</span> <span class='ocrx_word' id='word_1_137' title='bbox 826 1876 934 1923; x_wconf 80' lang='lat' dir='ltr'>Ergo</span> <span class='ocrx_word' id='word_1_138' title='bbox 978 1877 1028 1914; x_wconf 89' lang='lat' dir='ltr'>ab</span> <span class='ocrx_word' id='word_1_139' title='bbox 1071 1877 1155 1914; x_wconf 89' lang='lat' dir='ltr'>illis</span> <span class='ocrx_word' id='word_1_140' title='bbox 1198 1879 1367 1925; x_wconf 87' lang='lat' dir='ltr'>propter</span> <span class='ocrx_word' id='word_1_141' title='bbox 1402 1877 1657 1915; x_wconf 80' lang='lat' dir='ltr'>vaticinium</span> <span class='ocrx_word' id='word_1_142' title='bbox 1690 1878 1855 1916; x_wconf 88' lang='lat' dir='ltr'>derisus</span> 
     </span>
     <span class='ocr_line' id='line_1_20' title="bbox 299 1949 1855 2000; baseline 0.003 -14"><span class='ocrx_word' id='word_1_143' title='bbox 299 1949 413 1987; x_wconf 88' lang='lat' dir='ltr'>abire</span> <span class='ocrx_word' id='word_1_144' title='bbox 460 1951 668 1998; x_wconf 84' lang='lat' dir='ltr'>properat,</span> <span class='ocrx_word' id='word_1_145' title='bbox 717 1961 892 1989; x_wconf 88' lang='lat' dir='ltr'>manere</span> <span class='ocrx_word' id='word_1_146' title='bbox 941 1962 986 1989; x_wconf 88' lang='lat' dir='ltr'>se</span> <span class='ocrx_word' id='word_1_147' title='bbox 1019 1952 1131 1990; x_wconf 89' lang='lat' dir='ltr'>nolle</span> <span class='ocrx_word' id='word_1_148' title='bbox 1179 1952 1323 1990; x_wconf 88' lang='lat' dir='ltr'>dicens</span> <span class='ocrx_word' id='word_1_149' title='bbox 1371 1952 1413 1990; x_wconf 92' lang='lat' dir='ltr'>in</span> <span class='ocrx_word' id='word_1_150' title='bbox 1461 1953 1648 2000; x_wconf 79' lang='lat' dir='ltr'>aedibus,</span> <span class='ocrx_word' id='word_1_151' title='bbox 1703 1954 1855 2000; x_wconf 87' lang='lat' dir='ltr'>quibus</span> 
     </span>
     <span class='ocr_line' id='line_1_21' title="bbox 300 2025 1003 2073; baseline 0.004 -12"><span class='ocrx_word' id='word_1_152' title='bbox 300 2025 448 2061; x_wconf 87' lang='lat' dir='ltr'>caedes</span> <span class='ocrx_word' id='word_1_153' title='bbox 481 2025 749 2063; x_wconf 87' lang='lat' dir='ltr'>immineant.</span> <span class='ocrx_word' id='word_1_154' title='bbox 785 2026 1003 2073; x_wconf 81' lang='lat' dir='ltr'>Sequitur:</span> 
     </span>
    </p>

    <p class='ocr_par' dir='ltr' id='par_1_7' title="bbox 533 2097 1608 2231">
     <span class='ocr_line' id='line_1_22' title="bbox 533 2097 1608 2153; baseline 0.003 -16"><span class='ocrx_word' id='word_1_155' title='bbox 533 2106 746 2151; x_wconf 75' lang='grc' dir='ltr'><em>μνηστῆρες</em></span> <span class='ocrx_word' id='word_1_156' title='bbox 781 2097 817 2138; x_wconf 81' lang='grc' dir='ltr'>δ’</span> <span class='ocrx_word' id='word_1_157' title='bbox 853 2099 928 2150; x_wconf 75' lang='grc' dir='ltr'>ἄρα</span> <span class='ocrx_word' id='word_1_158' title='bbox 960 2101 1101 2148; x_wconf 77' lang='grc' dir='ltr'><em>πάντες</em></span> <span class='ocrx_word' id='word_1_159' title='bbox 1134 2100 1171 2148; x_wconf 81' lang='grc' dir='ltr'>ἐς</span> <span class='ocrx_word' id='word_1_160' title='bbox 1203 2100 1394 2151; x_wconf 79' lang='grc' dir='ltr'><em>ἀλλήλους</em></span> <span class='ocrx_word' id='word_1_161' title='bbox 1427 2099 1608 2153; x_wconf 81' lang='grc' dir='ltr'><em>ὅράοντες</em></span> 
     </span>
     <span class='ocr_line' id='line_1_23' title="bbox 537 2173 1458 2231; baseline 0.002 -19"><span class='ocrx_word' id='word_1_162' title='bbox 537 2173 758 2225; x_wconf 82' lang='grc' dir='ltr'><em>Τηλέμαχον</em></span> <span class='ocrx_word' id='word_1_163' title='bbox 791 2174 979 2225; x_wconf 80' lang='grc' dir='ltr'><em>ἐρέθιζον,</em></span> <span class='ocrx_word' id='word_1_164' title='bbox 1010 2175 1072 2214; x_wconf 83' lang='grc' dir='ltr'>ἐπὶ</span> <span class='ocrx_word' id='word_1_165' title='bbox 1104 2176 1215 2231; x_wconf 77' lang='grc' dir='ltr'><em>ξείνῳ</em></span> <span class='ocrx_word' id='word_1_166' title='bbox 1247 2177 1458 2227; x_wconf 82' lang='grc' dir='ltr'><em>γελάοντες.</em></span> 
     </span>
    </p>

    <p class='ocr_par' dir='ltr' id='par_1_8' title="bbox 298 2251 1852 2450">
     <span class='ocr_line' id='line_1_24' title="bbox 357 2251 1852 2306; baseline 0.003 -19"><span class='ocrx_word' id='word_1_167' title='bbox 357 2251 420 2288; x_wconf 87' lang='lat' dir='ltr'>Ad</span> <span class='ocrx_word' id='word_1_168' title='bbox 468 2251 650 2288; x_wconf 85' lang='lat' dir='ltr'>alterum</span> <span class='ocrx_word' id='word_1_169' title='bbox 699 2261 869 2288; x_wconf 88' lang='lat' dir='ltr'>versum</span> <span class='ocrx_word' id='word_1_170' title='bbox 919 2253 1157 2290; x_wconf 88' lang='lat' dir='ltr'>annotatis:</span> <span class='ocrx_word' id='word_1_171' title='bbox 1209 2252 1346 2306; x_wconf 65' lang='lat' dir='ltr'>„ga&#39;mp</span> <span class='ocrx_word' id='word_1_172' title='bbox 1394 2253 1437 2301; x_wconf 79' lang='lat' dir='ltr'>F,</span> <span class='ocrx_word' id='word_1_173' title='bbox 1483 2252 1621 2299; x_wconf 83' lang='grc' dir='ltr'><em>ξείνοις</em></span> <span class='ocrx_word' id='word_1_174' title='bbox 1664 2254 1852 2302; x_wconf 87' lang='lat' dir='ltr'>plerique</span> 
     </span>
     <span class='ocr_line' id='line_1_25' title="bbox 298 2325 1850 2377; baseline 0.004 -16"><span class='ocrx_word' id='word_1_175' title='bbox 298 2325 473 2371; x_wconf 82' lang='lat' dir='ltr'>vitiose;</span> <span class='ocrx_word' id='word_1_176' title='bbox 514 2327 766 2373; x_wconf 83' lang='lat' dir='ltr'>quapropter</span> <span class='ocrx_word' id='word_1_177' title='bbox 799 2326 956 2372; x_wconf 77' lang='grc' dir='ltr'><em>ξείνοισι</em></span> <span class='ocrx_word' id='word_1_178' title='bbox 988 2330 1170 2377; x_wconf 77' lang='grc' dir='ltr'><em>γελῶντες</em></span> <span class='ocrx_word' id='word_1_179' title='bbox 1197 2328 1417 2375; x_wconf 87' lang='lat' dir='ltr'>proposuit</span> <span class='ocrx_word' id='word_1_180' title='bbox 1450 2328 1678 2367; x_wconf 86' lang='lat' dir='ltr'>Nauckius.</span> <span class='ocrx_word' id='word_1_181' title='bbox 1709 2330 1850 2367; x_wconf 85' lang='lat' dir='ltr'>Plura-</span> 
     </span>
     <span class='ocr_line' id='line_1_26' title="bbox 298 2401 1357 2450; baseline 0.003 -12"><span class='ocrx_word' id='word_1_182' title='bbox 298 2401 382 2438; x_wconf 89' lang='lat' dir='ltr'>lem</span> <span class='ocrx_word' id='word_1_183' title='bbox 418 2403 632 2449; x_wconf 86' lang='lat' dir='ltr'>peperisse</span> <span class='ocrx_word' id='word_1_184' title='bbox 664 2402 832 2440; x_wconf 85' lang='lat' dir='ltr'>videtur</span> <span class='ocrx_word' id='word_1_185' title='bbox 863 2413 1014 2440; x_wconf 88' lang='lat' dir='ltr'>versus</span> <span class='ocrx_word' id='word_1_186' title='bbox 1046 2404 1216 2450; x_wconf 86' lang='lat' dir='ltr'>spurius</span> <span class='ocrx_word' id='word_1_187' title='bbox 1250 2404 1357 2441; x_wconf 79' lang='lat'>382:</span> 
     </span>
    </p>

    <p class='ocr_par' dir='ltr' id='par_1_9' title="bbox 300 2475 1497 2678">
     <span class='ocr_line' id='line_1_27' title="bbox 532 2475 1452 2528; baseline 0.003 -15"><span class='ocrx_word' id='word_1_188' title='bbox 532 2475 622 2522; x_wconf 82' lang='grc' dir='ltr'><em>τοὺς</em></span> <span class='ocrx_word' id='word_1_189' title='bbox 655 2477 804 2523; x_wconf 79' lang='grc' dir='ltr'><em>ξείνους</em></span> <span class='ocrx_word' id='word_1_190' title='bbox 836 2475 877 2515; x_wconf 84' lang='grc' dir='ltr'><em>ἐν</em></span> <span class='ocrx_word' id='word_1_191' title='bbox 909 2476 976 2527; x_wconf 79' lang='grc' dir='ltr'><em>νηὶ</em></span> <span class='ocrx_word' id='word_1_192' title='bbox 1006 2478 1237 2527; x_wconf 79' lang='grc' dir='ltr'><em>πολυκλήιδι</em></span> <span class='ocrx_word' id='word_1_193' title='bbox 1269 2477 1452 2528; x_wconf 82' lang='grc' dir='ltr'><em>βαλόντες</em></span> 
     </span>
     <span class='ocr_line' id='line_1_28' title="bbox 300 2551 1318 2601; baseline 0.005 -15"><span class='ocrx_word' id='word_1_194' title='bbox 300 2561 425 2596; x_wconf 84' lang='lat' dir='ltr'>quem</span> <span class='ocrx_word' id='word_1_195' title='bbox 458 2551 493 2587; x_wconf 90' lang='lat' dir='ltr'>si</span> <span class='ocrx_word' id='word_1_196' title='bbox 526 2552 619 2597; x_wconf 86' lang='lat' dir='ltr'>quis</span> <span class='ocrx_word' id='word_1_197' title='bbox 651 2562 822 2590; x_wconf 87' lang='lat' dir='ltr'>servare</span> <span class='ocrx_word' id='word_1_198' title='bbox 854 2553 959 2590; x_wconf 88' lang='lat' dir='ltr'>velit</span> <span class='ocrx_word' id='word_1_199' title='bbox 990 2553 1129 2600; x_wconf 82' lang='lat' dir='ltr'>legere</span> <span class='ocrx_word' id='word_1_200' title='bbox 1161 2553 1318 2601; x_wconf 86' lang='lat' dir='ltr'>possit:</span> 
     </span>
     <span class='ocr_line' id='line_1_29' title="bbox 537 2624 1497 2678; baseline 0.004 -16"><span class='ocrx_word' id='word_1_201' title='bbox 537 2624 759 2676; x_wconf 80' lang='grc' dir='ltr'><em>Τηλέμαχον</em></span> <span class='ocrx_word' id='word_1_202' title='bbox 790 2626 990 2677; x_wconf 79' lang='grc' dir='ltr'><em>γελάοντες</em></span> <span class='ocrx_word' id='word_1_203' title='bbox 1023 2625 1085 2664; x_wconf 82' lang='grc' dir='ltr'>ἐπὶ</span> <span class='ocrx_word' id='word_1_204' title='bbox 1116 2624 1272 2674; x_wconf 78' lang='grc' dir='ltr'><em>ξείνοισ’</em></span> <span class='ocrx_word' id='word_1_205' title='bbox 1309 2625 1497 2678; x_wconf 82' lang='grc' dir='ltr'><em>ἐρέθιζον,</em></span> 
     </span>
    </p>
   </div>
   <div class='ocr_carea' id='block_1_5' title="bbox 298 2698 1848 2753">
    <p class='ocr_par' dir='ltr' id='par_1_10' title="bbox 298 2698 1848 2753">
     <span class='ocr_line' id='line_1_30' title="bbox 298 2698 1848 2753; baseline 0.005 -17"><span class='ocrx_word' id='word_1_206' title='bbox 298 2700 357 2737; x_wconf 82' lang='lat' dir='ltr'>ita</span> <span class='ocrx_word' id='word_1_207' title='bbox 399 2702 445 2737; x_wconf 88' lang='lat' dir='ltr'>ut</span> <span class='ocrx_word' id='word_1_208' title='bbox 487 2698 548 2737; x_wconf 80' lang='grc' dir='ltr'>ἐπὶ</span> <span class='ocrx_word' id='word_1_209' title='bbox 585 2700 741 2746; x_wconf 79' lang='grc' dir='ltr'><em>ξείνοισι</em></span> <span class='ocrx_word' id='word_1_210' title='bbox 782 2702 982 2749; x_wconf 84' lang='lat' dir='ltr'>iungatur</span> <span class='ocrx_word' id='word_1_211' title='bbox 1014 2713 1111 2740; x_wconf 89' lang='lat' dir='ltr'>cum</span> <span class='ocrx_word' id='word_1_212' title='bbox 1143 2703 1271 2741; x_wconf 84' lang='lat' dir='ltr'>verbo</span> <span class='ocrx_word' id='word_1_213' title='bbox 1304 2700 1530 2753; x_wconf 77' lang='grc' dir='ltr'><em>ἕρε-θίζειν.”</em></span> <span class='ocrx_word' id='word_1_214' title='bbox 1569 2700 1608 2749; x_wconf 89' lang='lat'>¹).</span> <span class='ocrx_word' id='word_1_215' title='bbox 1642 2705 1848 2752; x_wconf 87' lang='lat' dir='ltr'>Equidem</span> 
     </span>
    </p>
   </div>
   <div class='ocr_carea' id='block_1_6' title="bbox 300 2839 1851 2921">
    <p class='ocr_par' dir='ltr' id='par_1_11' title="bbox 300 2839 1851 2921">
     <span class='ocr_line' id='line_1_31' title="bbox 339 2839 1851 2879; baseline 0.007 -15"><span class='ocrx_word' id='word_1_216' title='bbox 339 2842 358 2872; x_wconf 86' lang='lat'>¹)</span> <span class='ocrx_word' id='word_1_217' title='bbox 379 2839 476 2866; x_wconf 80' lang='lat' dir='ltr'>Recte</span> <span class='ocrx_word' id='word_1_218' title='bbox 496 2839 549 2867; x_wconf 89' lang='lat' dir='ltr'>hic</span> <span class='ocrx_word' id='word_1_219' title='bbox 569 2841 713 2878; x_wconf 66' lang='grc' dir='ltr'>ἐρεθίζειν</span> <span class='ocrx_word' id='word_1_220' title='bbox 737 2841 878 2869; x_wconf 83' lang='lat' dir='ltr'>vexandi</span> <span class='ocrx_word' id='word_1_221' title='bbox 902 2842 1133 2875; x_wconf 80' lang='lat' dir='ltr'>mordendique</span> <span class='ocrx_word' id='word_1_222' title='bbox 1155 2850 1254 2870; x_wconf 82' lang='lat' dir='ltr'>sensu</span> <span class='ocrx_word' id='word_1_223' title='bbox 1280 2843 1463 2872; x_wconf 83' lang='lat' dir='ltr'>adhibetur.</span> <span class='ocrx_word' id='word_1_224' title='bbox 1485 2844 1565 2872; x_wconf 86' lang='lat' dir='ltr'>Vide</span> <span class='ocrx_word' id='word_1_225' title='bbox 1592 2852 1679 2872; x_wconf 87' lang='lat' dir='ltr'>nunc</span> <span class='ocrx_word' id='word_1_226' title='bbox 1698 2852 1781 2879; x_wconf 82' lang='lat' dir='ltr'>quae</span> <span class='ocrx_word' id='word_1_227' title='bbox 1811 2845 1851 2874; x_wconf 92' lang='lat' dir='ltr'>ad</span> 
     </span>
     <span class='ocr_line' id='line_1_32' title="bbox 300 2888 886 2921; baseline 0.003 -7"><span class='ocrx_word' id='word_1_228' title='bbox 300 2894 346 2915; x_wconf 84' lang='lat' dir='ltr'>vs.</span> <span class='ocrx_word' id='word_1_229' title='bbox 368 2889 401 2914; x_wconf 74' lang='lat'>44</span> <span class='ocrx_word' id='word_1_230' title='bbox 423 2895 469 2921; x_wconf 83' lang='lat' dir='ltr'>sq.</span> <span class='ocrx_word' id='word_1_231' title='bbox 489 2889 520 2916; x_wconf 91' lang='lat' dir='ltr'>L.</span> <span class='ocrx_word' id='word_1_232' title='bbox 540 2888 618 2915; x_wconf 88' lang='lat' dir='ltr'>XIX</span> <span class='ocrx_word' id='word_1_233' title='bbox 640 2889 886 2917; x_wconf 74' lang='lat' dir='ltr'>annotavimus.</span> 
     </span>
    </p>
   </div>
  </div>
 </body>
</html>
