2030 3439
1022 328 1102 365 122

343 456 426 493 465
475 465 563 501 sqq.
613 455 751 492 Poena
796 453 991 501 capitalis
1033 464 1057 491 a
1099 453 1354 491 Telemacho
1396 454 1447 491 de
1489 452 1630 491 infidis
1671 454 1845 500 sumpta

285 531 450 568 ancillis
483 531 543 568 sic
577 529 851 567 describitur:

1107 607 1249 653 πεῖσμα
1284 603 1367 650 νεὸς
1399 602 1699 656 κυανοπρῴροιο

520 679 652 725 κίονος
687 678 835 728 ἐξάψας
868 678 1036 730 μεγάλης
1068 679 1274 730 περίβαλλε
1305 678 1457 729 θόλοιο,

523 752 645 802 ’ὑψόσ’
683 753 961 801 ἐπεντανύσας,
991 753 1064 793 mg.

344 832 447 880 Quid
490 831 557 869 hic
599 830 675 868 fiat
715 831 802 869 sere
846 831 1048 879 intelligo,
1093 812 1343 878 quomodo
1386 832 1551 870 dicatur
1582 842 1666 869 non
1699 831 1844 869 video:

284 907 566 945 Telemachus
612 907 789 954 longum
831 907 979 944 funem
1022 906 1170 954 alligat
1213 907 1436 945 columnae
1479 907 1554 944 alti
1597 906 1724 952 tholi;
1769 906 1848 944 hoc

284 982 568 1030 perspicuum.
617 981 777 1019 Deinde
825 981 947 1019 illum
994 981 1141 1019 funem
1190 981 1356 1019 ancillis
1405 982 1652 1029 circumdat,
1699 981 1758 1019 ita
1800 982 1848 1019 ut

284 1058 464 1104 singulis
507 1068 561 1095 ex
604 1057 675 1095 illo
717 1058 816 1095 fune
859 1057 985 1095 factis
1027 1057 1191 1104 laqueis
1233 1058 1403 1105 singula
1441 1057 1692 1095 inhaereant
1725 1057 1845 1095 colla.

286 1133 415 1170 Paulo
463 1133 577 1171 enim
620 1134 717 1180 post
758 1133 965 1180 legimus:
1009 1130 1111 1181 ἀμφὶ
1152 1129 1194 1170 δὲ
1235 1133 1343 1186 δειρῇ
1385 1132 1531 1186 πάσῃσι
1572 1131 1706 1183 βρόχοι
1746 1127 1847 1185 ᾖσαν

286 1218 362 1248 (νδ.
412 1210 493 1246 471
544 1212 635 1256 sq.),
681 1219 817 1255 neque
861 1209 1096 1246 verisimile
1140 1210 1285 1247 funem
1331 1210 1453 1247 illum
1494 1209 1627 1247 fuisse
1670 1208 1849 1256 patibuli

285 1285 420 1322 instar
448 1284 513 1322 cui
542 1284 682 1331 laquei
710 1295 764 1322 ex
792 1285 1014 1322 duodecim
1044 1286 1121 1329 (tot
1149 1285 1264 1322 enim
1293 1286 1413 1322 erant
1441 1285 1634 1325 ancillae)
1663 1284 1848 1322 restibus

286 1360 386 1397 sacti
429 1360 771 1397 annecterentur.
816 1359 937 1408 Tum,
983 1361 1030 1397 ut
1072 1370 1222 1398 omnes
1265 1360 1393 1397 simul
1432 1360 1673 1408 suffocaret,
1709 1361 1847 1398 totum

285 1435 431 1472 funem
480 1435 521 1472 in
567 1435 703 1473 altum
746 1436 938 1484 attrahit,
984 1436 1093 1483 quod
1136 1436 1197 1473 sic
1239 1436 1401 1473 factum
1444 1436 1579 1483 fingo:
1623 1436 1737 1473 funis
1780 1435 1850 1473 ille

286 1521 532 1548 summae
574 1511 714 1549 fuerat
756 1512 980 1549 columnae
1023 1511 1224 1559 alligatus
1267 1513 1309 1550 et
1352 1512 1447 1550 inde
1480 1511 1764 1559 dependebat;
1799 1511 1850 1549 ab

286 1598 334 1624 eo
377 1589 522 1625 autem
564 1587 678 1625 funis
720 1587 810 1625 loco
853 1598 934 1634 quo
976 1588 1063 1625 fere
1104 1587 1367 1634 pertinerent
1399 1587 1651 1625 ancillarum
1684 1586 1852 1624 humeri

286 1663 426 1709 laquei
468 1662 559 1700 fieri
603 1664 752 1711 coepti,
801 1664 872 1710 qui
915 1674 1013 1701 cum
1057 1663 1176 1701 collis
1219 1664 1364 1700 essent
1407 1663 1682 1709 circumiecti,
1718 1663 1853 1700 altera

287 1737 400 1774 funis
457 1748 555 1785 pars
613 1739 660 1775 ut
717 1738 767 1776 de
826 1738 944 1776 trahe
1004 1739 1201 1787 quadam,
1262 1738 1484 1776 columnae
1538 1738 1598 1775 illi
1645 1738 1850 1786 opposita,

288 1813 543 1860 dependeret
590 1814 731 1851 effecit
777 1814 1072 1861 Telemachus,
1117 1816 1191 1852 aut
1234 1814 1347 1851 iactu
1390 1824 1545 1851 manus
1589 1815 1663 1851 aut
1696 1813 1739 1850 in
1771 1815 1852 1850 tec-

288 1891 379 1926 tum
438 1890 543 1927 tholi
603 1891 881 1937 ascendendo,
931 1891 1272 1938 pendentemque
1319 1901 1476 1937 magno
1524 1890 1710 1937 corporis
1757 1889 1854 1927 nisu

289 1965 476 2002 detraxit
532 1967 572 2003 et
620 1976 748 2013 prope
791 1966 972 2003 humum
1016 1966 1210 2013 alligavit
1253 1966 1372 2003 clavo
1417 1966 1640 2003 annulove.
1686 1966 1765 2003 Sed
1809 1966 1857 2002 ut

289 2040 385 2078 huic
442 2041 715 2089 descriptioni
773 2041 903 2079 verba
949 2042 1265 2090 responderent,
1315 2041 1541 2079 dicendum
1590 2042 1703 2078 erat:
1751 2054 1856 2087 περι-

289 2115 523 2164 (mmmm...
567 2112 685 2164 ὑψόσ’
732 2114 965 2155 ε’πεντάνυσε
1008 2119 1082 2155 aut
1125 2116 1433 2167 περίβαλλε....
1477 2114 1542 2154 καὶ
1585 2111 1709 2162 <ὐψόσ’
1746 2114 1855 2153 ἐπεν-

290 2191 440 2229 τάνυσε.
498 2192 561 2229 Ex
616 2191 924 2242 περίβαλλε....
982 2188 1105 2240 ὑψόσ’
1167 2191 1430 2238 ἐπεντανύσας
1487 2192 1653 2230 nullum
1700 2201 1855 2229 sanum

291 2278 467 2305 sensum
524 2268 725 2306 extundo.
791 2268 856 2305 An
913 2268 1021 2306 forte
1082 2266 1205 2312 ὑψόσε
1264 2264 1289 2305 τ’
1340 2266 1548 2305 ἐιιτάνυσεν
1596 2267 1856 2314 legendum?

290 2343 400 2380 Nam
449 2343 491 2380 in
539 2343 727 2382 carmine
781 2354 923 2382 rerum
971 2344 1234 2382 mirabilium
1282 2344 1405 2392 pleno
1453 2343 1548 2390 quis
1595 2353 1678 2380 non
1722 2352 1855 2390 aequo

292 2419 435 2457 animo
483 2419 592 2457 ferat
639 2419 688 2457 ab
733 2430 815 2457 uno
858 2420 1113 2458 Telemacho
1157 2419 1378 2458 duodecim
1422 2418 1600 2456 ancillas
1642 2418 1772 2456 simul
1814 2418 1857 2456 in

292 2495 428 2532 altum
462 2495 605 2532 trahi?

353 2644 436 2681 482
471 2654 559 2690 sqq.
594 2643 775 2690 Ulysses
807 2643 1060 2691 Eurycleam
1095 2646 1135 2681 et
1169 2644 1253 2682 alia
1280 2644 1397 2681 iubet
1430 2645 1472 2681 et
1504 2643 1631 2681 haec:

1240 2717 1515 2768 Πηνελόπειαν

591 2788 761 2843 ἐλθέμεν’
798 2789 938 2830 ἐνθάδ’
975 2791 1128 2843 ἄνωχθι
1162 2792 1236 2831 σὺν
1269 2791 1526 2843 ἀμφιπόλοισι
1558 2792 1729 2844 γυναιξί·

590 2867 717 2913 πάσας
751 2863 787 2906 δ’
824 2865 990 2918 ὄτρυνον
1025 2866 1158 2922 δμῳὰς
1189 2866 1287 2906 κατὰ
1319 2867 1430 2917 δῶμα
1462 2865 1632 2906 νέεσθαι.
