2030 3439
932 362 946 373 ,ι
955 362 975 369 .-

925 367 969 398 im

175 490 397 518 mensas
440 481 483 518 in
524 481 620 519 sinu
653 482 789 521 celare
833 484 996 522 ‹lii-atur
1038 486 1301 524 officiendum
1348 491 1424 531 est,
1459 489 1494 525 si
1528 499 1609 526 nou
1644 490 1724 527 leui

175 556 472 594 emendatione
505 558 549 594 at
580 557 741 595 audaci.

235 663 318 702 518
366 674 455 711 sqq.
500 663 743 702 Telemachi
786 667 907 703 navis
949 667 1000 704 ab
1044 668 1192 706 itinero
1235 670 1342 707 redit
1385 670 1598 709 Ithacam:
1643 683 1724 710 11011

174 740 320 776 tamen
361 740 511 777 statim
554 740 604 777 ad
647 740 796 778 urbem
829 742 1033 790 dirigitur,
1069 744 1141 781 sed
1176 745 1290 791 prius
1323 743 1363 781 ἐν
1396 744 1500 799 ὅρμῳ
1533 761 1606 783 τινι
1639 748 1725 785 alli-

172 815 309 863 gatur,
343 814 414 852 ubi
440 814 722 853 Telemachus
750 816 923 864 eiusque
951 818 1054 855 socii
1083 819 1123 856 111
1152 823 1263 857 terra
1290 821 1513 867 prandium
1542 823 1725 870 capiunt.

174 889 261 938 Quo
303 892 473 938 peracto
515 891 856 938 Theoclymenus
899 894 1033 941 exsul,
1078 904 1203 941 quem
1246 906 1391 933 secum
1435 897 1568 944 duxit,
1613 899 1725 936 Tele-

172 965 374 1003 machum
422 968 543 1014 rogat
586 967 637 1004 ad
678 977 909 1014 quemnam
952 969 1240 1007 Ithacensiuul
1284 981 1330 1007 se
1373 974 1605 1011 cmivertat.
1650 974 1723 1011 Ro-

172 1041 352 1088 spondet
407 1041 710 1088 Telemachus;
773 1043 880 1090 „alio
928 1046 1118 1091 tempore
1166 1046 1206 1083 te
1255 1056 1395 1083 meam
1444 1047 1617 1085 domum
1667 1049 1724 1087 iro,

172 1116 374 1165 iuberem,
423 1116 496 1154 sed
543 1127 653 1155 nunc
701 1117 742 1155 id
784 1118 921 1155 facere
963 1130 1044 1157 11011
1089 1130 1275 1167 possum,
1319 1121 1417 1167 quia
1460 1132 1593 1169 nequo
1638 1124 1725 1170 ipso

172 1191 298 1229 adero
330 1202 466 1239 neque
498 1194 540 1230 te
572 1194 711 1230 mater
740 1203 838 1231 mea
870 1194 1011 1231 videre
1044 1195 1240 1241 poterit.''
1273 1195 1381 1232 Tum
1415 1196 1518 1234 haec
1551 1198 1687 1235 addit:

408 1264 504 1305 ἀλλά
534 1281 592 1306 τοι
623 1265 740 1306 ἄλλον
773 1274 883 1317 φῶτα
912 1269 1197 1319 πιφαύσκομαι,
1229 1269 1273 1307 ὅν
1303 1284 1368 1308 κεν
1402 1270 1514 1319 ἵκοιο,

409 1341 651 1394 Εὐρύμαχον
684 1343 885 1394 Πολύβοιο
918 1343 1132 1394 δαΐφρονος
1165 1343 1310 1395 ἀγλαὸν
1342 1345 1444 1395 υἱὸν,

405 1416 473 1456 τὸν
504 1423 580 1456 νῦν
610 1419 706 1456 Hanc
738 1421 819 1471 θεῷ
847 1415 1065 1468 Ἰθακήσιοι
1097 1418 1327 1470 εἰσοράουσι·

405 1491 472 1530 καὶ
501 1491 575 1545 γὰρ
607 1492 751 1532 πολλὸν
784 1492 937 1545 ἄριστος
969 1492 1068 1544 ἀνὴρ
1103 1493 1268 1544 μέμονέν
1299 1510 1336 1533 τε
1368 1495 1529 1545 μάλιστα

406 1565 530 1619 μητέρ’
567 1567 664 1618 ἐμὴν
695 1567 851 1620 γαμέειν
882 1567 946 1606 καὶ
975 1565 1187 1619 Ὀδυσσῆος
1218 1568 1331 1621 γέρας
1363 1570 1492 1621 ἴσχειν.

229 1644 334 1693 Quid
375 1644 455 1682 sibi
497 1645 590 1682 vult
631 1645 734 1683 haec
772 1645 1029 1692 Eurymachi
1062 1647 1444 1684 coumiemoratio‘?
1478 1648 1574 1686 Mox
1607 1649 1721 1686 cuim

169 1719 289 1757 iussu
331 1720 575 1758 Telemachi
617 1731 702 1758 non
744 1721 794 1758 ab
836 1720 1103 1767 Eurymacho
1145 1721 1219 1758 sed
1257 1732 1281 1759 a
1313 1722 1459 1760 Piraeo
1492 1724 1619 1771 recipi
1653 1725 1721 1762 ho-

169 1795 326 1843 spitem
366 1795 563 1843 legimus.
607 1796 674 1833 An
714 1796 901 1843 primum
944 1796 1160 1833 neminem
1204 1796 1411 1843 potiorem
1448 1798 1575 1835 habet
1607 1798 1719 1837 Tole-

168 1870 348 1908 machus
376 1881 504 1918 quem
530 1871 723 1908 nominet
750 1881 879 1918 quam
906 1871 1097 1908 futurum
1116 1871 1236 1908 illum
1255 1871 1543 1910 Ithacensium
1562 1884 1718 1921 regem,

167 1946 241 1984 sed
274 1947 416 1984 mutat
446 1947 673 1985 consilium
705 1947 803 1994 quia
833 1957 936 1984 mox
963 1946 1056 1984 avis
1084 1947 1291 1993 quaedam
1321 1949 1480 1985 certam
1509 1950 1717 1995 portendit

169 2021 362 2060 omnium
393 2032 618 2070 procorum
649 2022 903 2060 interitum?
936 2024 1012 2066 (vs.
1048 2022 1130 2059 525
1164 2025 1282 2069 sqq).

228 2139 309 2177 547
359 2149 450 2187 sqq.
499 2140 702 2178 Paratum
744 2149 841 2187 ergo
883 2149 928 2176 sc
970 2138 1156 2176 declarat
1197 2138 1370 2175 Piraeus
1413 2139 1462 2175 ad
1506 2139 1718 2186 hospitem

164 2213 466 2261 recipiendum.
502 2215 721 2262 Sequitur:

401 2287 453 2336 ὡς
483 2289 635 2328 ,Ρειπὼν
667 2287 729 2328 ἐπὶ
759 2287 854 2339 νηὸς
886 2287 969 2339 ἔβη,
1001 2285 1171 2326 ἐκέλευσε
1205 2283 1241 2325 δ’
1277 2285 1451 2338 ἑταίρους

399 2364 544 2412 αὐτούς
576 2362 606 2403 τ’
643 2363 850 2416 ἀμβαίνειν
881 2362 957 2401 ἀνά
988 2377 1025 2401 τε
1057 2361 1283 2413 πρυμνήσια
1315 2365 1439 2400 λῦσαι·

399 2441 438 2479 οἳ
467 2436 506 2478 δ’
543 2436 628 2489 αἶψ’
666 2439 849 2492 ἕσβαινον
881 2437 945 2476 καὶ
977 2436 1039 2476 ἐπὶ
1069 2441 1195 2488 κληῖσι
1225 2438 1403 2483 καθῖζον.

404 2514 623 2566 Τηλέμαχος
657 2511 692 2553 δ’
728 2513 806 2552 ὑπὸ
838 2511 978 2552 ποσσὶν
1010 2511 1172 2562 ἐδήσατο
1205 2510 1304 2549 καλὰ
1334 2510 1485 2559 πέδιλα,

398 2590 515 2629 εἵλετο
549 2586 584 2628 δ’
623 2588 785 2639 ἄλκιμον
817 2588 923 2640 ἔγχος
955 2585 1173 2638 ἀκαχμένον
1205 2584 1282 2633 ὀξέι
1313 2590 1438 2641 χαλκῷ

399 2664 495 2716 νηὸς
526 2662 596 2704 ἀπ’
630 2664 815 2716 ἰκριόφιν·
846 2662 904 2702 τοὶ
936 2661 977 2701 δὲ
1007 2658 1220 2714 πρυμνήσι’
1255 2661 1407 2700 ἔλυσαν.

400 2742 438 2779 οἳ
467 2738 537 2791 μὲν
571 2739 788 2786 ἀνώσαντες
816 2736 948 2777 ’πλέον
981 2737 1017 2784 ἐς
1049 2737 1175 2786 πόλιν,
1206 2735 1257 2783 ὡς
1290 2735 1460 2775 ἐκέλευσε

404 2814 624 2867 Τηλέμαχος
655 2815 768 2865 φίλος
798 2813 882 2861 υίὸς
909 2810 1122 2864 Ὀδυσσῆος
1153 2812 1293 2850 θείοιο·

398 2889 466 2929 τὸν
498 2887 533 2929 δ’
570 2886 651 2930 ὦκα
682 2889 925 2942 προβιβάντα
956 2888 1072 2934 πόδες
1107 2884 1259 2938 ’φέροιι,
1290 2882 1379 2937 ὄφρ’
1417 2882 1507 2923 ἵκετ’
1542 2884 1677 2935 αὐλήν.
