2030 3439
1097 364 1150 402 82

358 495 683 542 argumentum:
732 490 951 539 „lubenter
992 489 1193 527 statim
1235 489 1380 527 omnia
1412 488 1647 536 Penelopae
1679 498 1912 538 narrarem,

356 572 437 609 nisi
479 571 645 608 metum
686 567 793 604 mihi
836 566 1046 603 incuteret
1088 565 1173 602 ista
1209 575 1434 612 procorum
1466 564 1613 611 turba;
1647 565 1784 603 satius
1817 575 1938 613 ergo-

355 644 701 693 exspeotabimus
744 642 876 679 donec
918 639 978 677 illi
1024 639 1249 677 abierint.”
1292 639 1450 687 Utique
1493 650 1591 687 ergo
1633 650 1696 678 vs.
1732 641 1816 679 563
1849 640 1914 679 de-

353 721 503 759 lendus
535 720 613 758 est.

414 869 497 907 580
530 878 620 915 sqq.
656 866 779 904 Solus
807 875 905 913 ergo
934 864 986 902 ad
1013 863 1253 912 Penelopen
1280 864 1390 902 redit
1416 864 1631 903 Eumaeus
1658 867 1917 913 rogatusque

354 945 404 983 ab
453 955 502 982 ea
549 943 693 991 quidni
740 941 955 989 hospitem
1003 950 1151 978 seeum
1199 940 1393 989 adducat,
1442 951 1572 987 quam
1618 941 1804 988 prudens
1846 942 1917 980 ille

354 1020 516 1059 dederit
548 1018 773 1057 consilium
806 1017 873 1055 his
905 1017 1052 1055 narrat
1082 1015 1247 1054 Verbis:

589 1091 776 1145 μυθέεται
809 1089 907 1130 κατὰ
938 1094 1093 1143 μοῖραν,
1125 1090 1150 1128 ἅ
1181 1088 1251 1142 πέρ
1282 1086 1318 1129 κ’
1357 1088 1475 1130 ὄίοιτο
1508 1089 1572 1130 καὶ
1605 1089 1732 1141 ἄλλος,

588 1169 706 1221 ’ὕβριν
739 1167 967 1214 ἀλυσκάζων
999 1165 1157 1219 ἀνδρῶν
1188 1165 1547 1219 ὑπερηνορεόντων·

589 1244 685 1284 ἀλλά
718 1255 758 1282 σε
791 1247 920 1295 μεῖναι
952 1240 1103 1294 ἄνωγεν
1136 1240 1174 1289 ἐς
1206 1240 1337 1293 ἠέλιον
1367 1242 1602 1281 καταδύντα.

589 1319 654 1359 καὶ
688 1317 729 1358 δὲ
761 1318 822 1358 σοὶ
860 1313 929 1357 ὧδ’
966 1317 1066 1372 αὐτῇ
1099 1317 1199 1356 πολὺ
1231 1317 1403 1367 κάλλιον,
1433 1312 1462 1356 ὦ
1495 1318 1684 1369 βασίλεια,

444 1399 526 1437 584
590 1396 678 1446 οἴην
711 1394 808 1445 πρὸς
842 1395 968 1441 ξεῖνον
1002 1393 1158 1443 φάσθαι
1191 1392 1314 1439 ,Ρέπος
1348 1390 1412 1444 ἠδ’
1450 1392 1679 1432 ἐπακοῦσαι.

416 1474 674 1523 Quantooius
717 1471 1002 1510 abiiciendum
1044 1470 1248 1508 ultimum
1291 1480 1466 1508 versum
1505 1471 1618 1516 (584)
1653 1481 1817 1509 censeo.
1851 1471 1919 1510 An

354 1561 454 1589 vero
486 1561 571 1588 non
599 1549 690 1587 sola
718 1558 815 1586 oum
843 1547 933 1585 solo
963 1546 1221 1593 colloquium
1250 1546 1472 1585 habuisset
1499 1546 1721 1594 Penelope,
1752 1547 1789 1585 si
1807 1557 1919 1585 nunc

352 1627 502 1665 statim
546 1626 637 1663 eius
680 1624 851 1662 initium
893 1623 1056 1661 factum
1100 1623 1246 1660 esset?
1289 1622 1444 1660 Postea
1487 1623 1526 1668 (l.
1570 1622 1686 1668 XIX)
1730 1623 1823 1670 ipsa
1864 1623 1915 1660 ad

351 1703 555 1750 Ulyssem
598 1701 716 1739 venit
758 1700 831 1737 sed
868 1698 1070 1747 profectis
1102 1699 1278 1736 demum
1311 1698 1472 1746 procis:
1507 1698 1691 1736 interdiu
1725 1699 1767 1736 et
1798 1708 1913 1746 prae-

351 1778 544 1815 sentibus
572 1777 656 1814 illis
683 1776 724 1813 id
752 1785 972 1822 nunquam
1000 1774 1139 1812 faeere
1168 1784 1274 1812 ausa
1302 1775 1428 1812 esset.
1453 1774 1561 1822 Ergo
1580 1784 1709 1821 quam
1727 1774 1914 1821 primum

350 1852 637 1900 interrogandi
679 1851 884 1898 Ulyssem
918 1850 1069 1897 cupida
1101 1849 1289 1897 primum
1323 1860 1421 1887 eum
1455 1850 1506 1887 ad
1539 1859 1585 1887 se
1617 1849 1810 1887 vocavit:
1845 1849 1915 1887 ille

351 1940 450 1967 vero
493 1928 637 1966 venire
680 1927 816 1964 noluit
858 1926 1021 1963 veritus
1064 1935 1117 1962 ne
1156 1935 1181 1963 a
1223 1925 1362 1973 procis
1396 1925 1696 1963 observaretur
1728 1925 1830 1962 dum
1863 1924 1915 1962 ad

352 2006 471 2043 illam
506 2002 570 2041 διὰ
602 2009 671 2041 τοῦ
705 2001 877 2054 μεγάρου
910 2001 1164 2040 ambularet.
