2030 3439
867 363 887 400 7
896 364 920 398 9

350 484 418 524 τὸν
449 484 640 536 κατέθηκε
671 484 803 537 φέρων
834 486 930 537 πρὸς
966 487 1202 538 Τηλεμάχοιο
1234 486 1424 539 τραπέζαν

352 560 499 612 ἀντίον,
529 561 629 600 ἔνθα
662 559 699 600 δ’
734 559 790 613 ἄρ’
821 561 937 609 αὐτὸς
969 561 1130 612 ἐφέζετο.
1167 566 1228 617 Τῷ
1261 560 1298 602 δ’
1335 562 1410 615 ἄρα
1442 563 1563 615 κήρυξ

205 639 288 677 335
351 641 493 689 μοῖραν
525 636 622 676 ἑλὼν
654 635 772 676 ἐτίθει
805 636 949 676 κανέου
981 634 1007 675 τ’
1037 637 1084 676 Ἐκ
1116 641 1222 676 σῖτον
1254 637 1395 689 ἀείρας.

174 714 264 752 Duo
316 714 384 752 hic
435 713 639 752 vocabula
687 713 993 751 absurdissime
1036 714 1173 761 posita
1217 714 1432 752 videntur:
1481 715 1667 762 primum

117 792 194 835 (vs.
237 790 336 834 334)
369 787 497 835 αὐτός.
531 789 636 837 Quid
670 789 816 827 enim?
849 789 943 837 Ipse
976 789 1188 827 Eumaeus
1221 790 1372 828 sellam
1405 790 1544 839 elegit,
1579 792 1668 838 ipso

117 865 274 913 attulit,
318 865 408 912 ipse
450 865 668 912 apposuit:
710 865 830 911 sequi
862 875 971 902 nune
1005 864 1149 903 debet:
1184 865 1226 903 in
1259 865 1331 903 illa
1363 875 1460 913 ergo
1494 865 1666 913 assedit,

117 950 201 978 non
233 938 332 977 ἔνθα
365 935 402 977 δ’
437 935 493 989 ἄρ’
526 938 643 984 αὐτὸς
671 937 834 988 ἐφέζετο,
861 941 1063 987 quoniam
1090 938 1206 985 αὐτός
1235 942 1328 978 tum
1355 941 1529 979 demum
1556 943 1669 979 recte

117 1015 286 1054 additur
317 1016 354 1053 si
386 1015 481 1062 quis
513 1015 697 1053 alienam
731 1017 908 1063 occupat
939 1015 1103 1063 sellam,
1139 1026 1267 1063 quam
1295 1018 1441 1054 tamen
1469 1016 1559 1054 loco
1586 1027 1669 1055 non

116 1093 313 1131 moverit.
347 1092 506 1130 Deinde
538 1095 701 1141 μοῖρανε
735 1093 914 1140 partem,
949 1092 1157 1138 frustum
1193 1091 1312 1129 cuius
1344 1092 1436 1129 rei?
1468 1092 1668 1139 „Carnis”

114 1170 271 1208 dixerit
303 1169 468 1216 aliquis.
502 1169 560 1206 At
591 1179 676 1206 non
707 1168 862 1206 licebat
895 1168 1013 1205 iliam
1041 1178 1190 1205 vocem
1218 1168 1428 1206 omittere.
1459 1168 1538 1206 Sed
1566 1168 1670 1206 nihil

115 1247 256 1284 muto:
297 1245 445 1283 invitis
487 1245 603 1283 enim
636 1244 768 1282 Musis
801 1246 978 1291 uterque
1011 1253 1162 1281 versus
1195 1244 1457 1291 compositus
1490 1244 1668 1282 videtur.

117 1303 351 1360 observate
382 1321 603 1369 praeterea
634 1330 763 1367 quam
796 1319 995 1367 languida
1028 1319 1085 1356 sit
1117 1329 1178 1356 vs.
1215 1319 1298 1357 334
1332 1319 1564 1366 particulae
1596 1317 1670 1369 ἄρα

116 1396 326 1445 repetitio.

175 1547 257 1585 381
302 1556 390 1594 sqq.
435 1545 672 1593 increpitus
705 1544 755 1582 ab
788 1544 972 1582 Antinoo
1006 1543 1113 1590 quod
1146 1543 1391 1580 mendicum
1423 1542 1534 1580 ultro
1569 1543 1670 1580 invi-

118 1623 258 1660 tatum
291 1632 439 1660 secum
471 1621 696 1659 adduxerit
728 1620 789 1657 sie
820 1619 1034 1657 Eumaeus
1065 1619 1312 1666 respondet:

355 1693 527 1747 Ἀντίνο’,
558 1695 604 1735 οὐ
637 1693 706 1746 μὲν
737 1693 836 1733 καλὰ
866 1692 931 1732 καὶ
964 1692 1103 1739 ἐσθλὸς
1135 1691 1208 1731 ἐὼν
1241 1691 1450 1744 ἀγορεύεις·

355 1772 410 1818 τίς
440 1770 514 1824 γὰρ
547 1770 596 1821 δὴ
628 1772 755 1818 ξεῖνον
788 1772 900 1808 καλεῖ
926 1767 1094 1807 ἄλλοθεν
1126 1767 1243 1814 αὐτὸς
1275 1766 1452 1806 ἐπελθὼν

357 1845 476 1886 ἄλλον
505 1846 554 1900 γ’,
584 1847 619 1886 εἰ
648 1845 700 1897 μὴ
731 1852 807 1884 τῶν
839 1845 878 1884 οἳ
907 1842 1160 1895 δημιοᾶ-ἐργοὶ
1192 1842 1288 1893 ἐάσι,

357 1922 496 1973 μάντιν
528 1921 553 1974 ἢ
585 1922 725 1973 ἰητῆρα
755 1927 888 1959 κακῶν
921 1919 946 1971 ἢ
977 1918 1134 1958 τέκτονα
1167 1919 1321 1969 δούρων

357 1997 383 2050 ἢ
414 1997 480 2038 καὶ
509 1997 654 2037 θέσπιν
686 1996 837 2048 ἀοιδὸν,
868 1996 889 2035 ὅ
919 2011 985 2034 κεν
1016 1994 1200 2049 τέρπῃσιν
1231 1993 1396 2040 ἀείδων;

358 2069 467 2114 οὗτοι
496 2073 570 2127 γὰρ
601 2073 737 2124 κλητοί
761 2087 803 2125 γε
835 2073 986 2124 βροτῶν
1018 2067 1078 2109 ἐπ’
1116 2068 1304 2121 ἀπείρονα
1335 2072 1463 2121 γαῖαν·

358 2149 510 2201 πτωχὸν
543 2145 576 2188 δ’
617 2147 664 2188 οὗ
696 2147 763 2187 κέν
793 2163 847 2194 τις
879 2145 1010 2186 καλέοι
1041 2145 1228 2197 τρύξοντά
1261 2143 1278 2183 ἕ
1309 2144 1440 2183 αὐτόν.

182 2226 262 2265 Pro
305 2223 322 2264 ἕ
363 2225 616 2274 reposuistis
657 2236 745 2274 μινῑ
790 2224 851 2262 sie
893 2224 1006 2261 certe
1038 2222 1293 2260 durissimus
1324 2221 1487 2258 vitatur
1518 2220 1673 2258 hiatus.

125 2302 205 2340 Sed
246 2302 383 2340 restat
424 2301 582 2349 aliquid
625 2300 737 2338 haud
769 2299 912 2337 minus
944 2297 1188 2336 molestum.
1223 2296 1305 2334 Ubi
1338 2295 1451 2334 enim
1484 2295 1560 2333 hoc
1594 2304 1676 2332 uno

123 2377 214 2416 loco
257 2378 435 2425 excepto
477 2377 521 2414 in
562 2376 681 2424 poesi
723 2375 840 2423 epica
877 2388 942 2423 μιν
975 2371 1095 2411 αὐτόν
1127 2363 1312 2419 legitur?
1346 2370 1462 2419 Quod
1494 2381 1545 2408 ne
1579 2380 1676 2408 eum

124 2452 297 2500 quidem
328 2461 505 2490 sensum
537 2451 736 2499 praebere
764 2450 932 2487 videtur
958 2457 1038 2495 quo
1066 2447 1132 2485 hic
1161 2456 1266 2494 opus
1293 2447 1371 2483 est.
1401 2445 1677 2483 Scribendum

126 2538 224 2576 ergo
250 2538 325 2576 pro
351 2525 472 2565 αὐτόν
501 2536 652 2564 censeo
681 2527 755 2563 aut
781 2523 920 2569 αὐτός;
952 2523 1072 2571 „quis
1100 2523 1188 2570 ipse
1216 2521 1394 2559 advocet
1419 2520 1676 2567 mendicum,

126 2603 197 2650 qui
237 2602 298 2640 nii
338 2601 422 2640 nisi
464 2602 670 2640 damnum
713 2601 770 2638 sit
807 2598 1074 2637 allaturus?”
1108 2598 1195 2636 Aut
1227 2593 1374 2641 αὕτως;
1412 2596 1532 2644 „quis
1564 2605 1676 2633 men-

127 2678 268 2716 dicum
301 2678 494 2726 adducat,
529 2677 601 2724 qui
626 2677 688 2714 sic
715 2678 876 2714 temere
905 2674 1014 2711 bona
1041 2672 1236 2711 comedat
1263 2681 1398 2718 neque
1426 2670 1511 2708 ullo
1539 2669 1678 2707 labore

127 2753 222 2791 utili
254 2754 462 2792 damnum
493 2752 663 2790 illatum
697 2749 1003 2798 compenset?'’

187 2901 271 2939 482
313 2911 402 2949 sqq.
448 2899 554 2939 Cum
592 2899 825 2938 scabellum
862 2897 903 2935 in
935 2896 1138 2943 Ulyssem
1170 2895 1382 2933 Antinous
1415 2893 1678 2940 coniecisset,
