<?xml version="1.0" encoding="UTF-8"?>
<!DOCTYPE html PUBLIC "-//W3C//DTD XHTML 1.0 Transitional//EN"
    "http://www.w3.org/TR/xhtml1/DTD/xhtml1-transitional.dtd">
<html xmlns="http://www.w3.org/1999/xhtml" xml:lang="en" lang="en">
 <head>
  <title>
</title>
<meta http-equiv="Content-Type" content="text/html;charset=utf-8" />
  <meta name='ocr-system' content='tesseract 3.04.00' />
  <meta name='ocr-capabilities' content='ocr_page ocr_carea ocr_par ocr_line ocrx_word'/>
</head>
<body>
  <div class='ocr_page' id='page_1' title='image "./epistolacriticaa00hartuoft_0032.png"; bbox 0 0 2030 3439; ppageno 0'>
   <div class='ocr_carea' id='block_1_1' title="bbox 1117 377 1173 418">
    <p class='ocr_par' dir='ltr' id='par_1_1' title="bbox 1117 377 1173 418">
     <span class='ocr_line' id='line_1_1' title="bbox 1117 377 1173 418; baseline 0 0"><span class='ocrx_word' id='word_1_1' title='bbox 1117 377 1173 418; x_wconf 76' lang='lat'>20</span> 
     </span>
    </p>
   </div>
   <div class='ocr_carea' id='block_1_2' title="bbox 357 502 1934 1611">
    <p class='ocr_par' dir='ltr' id='par_1_2' title="bbox 357 502 1934 1611">
     <span class='ocr_line' id='line_1_2' title="bbox 366 502 1922 556; baseline -0.004 -8"><span class='ocrx_word' id='word_1_2' title='bbox 366 507 575 547; x_wconf 84' lang='lat' dir='ltr'>ferremus</span> <span class='ocrx_word' id='word_1_3' title='bbox 606 503 729 556; x_wconf 74' lang='grc' dir='ltr'><em>ἔμεινε</em></span> <span class='ocrx_word' id='word_1_4' title='bbox 747 536 754 542; x_wconf 95' lang='grc'><strong><em>.</em></strong></span> <span class='ocrx_word' id='word_1_5' title='bbox 773 535 780 542; x_wconf 90' lang='grc'><strong>.</strong></span> <span class='ocrx_word' id='word_1_6' title='bbox 799 535 806 542; x_wconf 95' lang='grc'><strong><em>.</em></strong></span> <span class='ocrx_word' id='word_1_7' title='bbox 824 502 970 542; x_wconf 78' lang='grc' dir='ltr'><em>ἔλιπε.”</em></span> <span class='ocrx_word' id='word_1_8' title='bbox 1004 504 1061 541; x_wconf 88' lang='lat' dir='ltr'>At</span> <span class='ocrx_word' id='word_1_9' title='bbox 1092 503 1133 540; x_wconf 91' lang='lat' dir='ltr'>id</span> <span class='ocrx_word' id='word_1_10' title='bbox 1165 503 1275 550; x_wconf 91' lang='lat' dir='ltr'>quod</span> <span class='ocrx_word' id='word_1_11' title='bbox 1307 513 1384 541; x_wconf 89' lang='lat' dir='ltr'>vos</span> <span class='ocrx_word' id='word_1_12' title='bbox 1410 502 1628 551; x_wconf 71' lang='lat' dir='ltr'>requiritis</span> <span class='ocrx_word' id='word_1_13' title='bbox 1654 512 1781 541; x_wconf 88' lang='lat' dir='ltr'>omne</span> <span class='ocrx_word' id='word_1_14' title='bbox 1808 502 1922 542; x_wconf 88' lang='lat' dir='ltr'>inest</span> 
     </span>
     <span class='ocr_line' id='line_1_3' title="bbox 366 576 1934 628; baseline -0.003 -6"><span class='ocrx_word' id='word_1_15' title='bbox 366 584 409 621; x_wconf 92' lang='lat' dir='ltr'>in</span> <span class='ocrx_word' id='word_1_16' title='bbox 451 583 680 622; x_wconf 83' lang='lat' dir='ltr'>Cobetiana</span> <span class='ocrx_word' id='word_1_17' title='bbox 721 581 913 628; x_wconf 88' lang='lat' dir='ltr'>lectione,</span> <span class='ocrx_word' id='word_1_18' title='bbox 958 578 1170 626; x_wconf 89' lang='lat' dir='ltr'>siquidem</span> <span class='ocrx_word' id='word_1_19' title='bbox 1212 576 1371 628; x_wconf 76' lang='grc' dir='ltr'><em>ἔμιμνεν</em></span> <span class='ocrx_word' id='word_1_20' title='bbox 1414 579 1456 617; x_wconf 87' lang='lat' dir='ltr'>et</span> <span class='ocrx_word' id='word_1_21' title='bbox 1498 577 1645 616; x_wconf 77' lang='grc' dir='ltr'><em>ἔλειπεν</em></span> <span class='ocrx_word' id='word_1_22' title='bbox 1676 579 1934 627; x_wconf 63' lang='lat' dir='ltr'>plusquam:</span> 
     </span>
     <span class='ocr_line' id='line_1_4' title="bbox 365 651 1921 707; baseline -0.003 -10"><span class='ocrx_word' id='word_1_23' title='bbox 365 660 646 707; x_wconf 78' lang='lat' dir='ltr'>perfectorum</span> <span class='ocrx_word' id='word_1_24' title='bbox 691 657 829 694; x_wconf 89' lang='lat' dir='ltr'>vicem</span> <span class='ocrx_word' id='word_1_25' title='bbox 872 655 1064 702; x_wconf 88' lang='lat' dir='ltr'>implent.</span> <span class='ocrx_word' id='word_1_26' title='bbox 1109 653 1216 693; x_wconf 87' lang='lat' dir='ltr'>Cum</span> <span class='ocrx_word' id='word_1_27' title='bbox 1248 653 1363 692; x_wconf 91' lang='lat' dir='ltr'>enim</span> <span class='ocrx_word' id='word_1_28' title='bbox 1396 654 1606 702; x_wconf 78' lang='lat' dir='ltr'>Penelope</span> <span class='ocrx_word' id='word_1_29' title='bbox 1639 654 1764 692; x_wconf 87' lang='lat' dir='ltr'>dicit:</span> <span class='ocrx_word' id='word_1_30' title='bbox 1797 651 1822 704; x_wconf 75' lang='grc' dir='ltr'><em>ἢ</em></span> <span class='ocrx_word' id='word_1_31' title='bbox 1853 668 1921 692; x_wconf 81' lang='grc' dir='ltr'>κεν</span> 
     </span>
     <span class='ocr_line' id='line_1_5' title="bbox 363 728 1920 784; baseline -0.003 -12"><span class='ocrx_word' id='word_1_32' title='bbox 363 733 496 784; x_wconf 76' lang='grc' dir='ltr'><em>ἔμιμνε</em></span> <span class='ocrx_word' id='word_1_33' title='bbox 546 730 764 782; x_wconf 81' lang='grc' dir='ltr'><em>Τηλέμαχος</em></span> <span class='ocrx_word' id='word_1_34' title='bbox 809 728 834 781; x_wconf 74' lang='grc' dir='ltr'>ἥ</span> <span class='ocrx_word' id='word_1_35' title='bbox 880 728 923 768; x_wconf 83' lang='grc' dir='ltr'><em>κε’</em></span> <span class='ocrx_word' id='word_1_36' title='bbox 968 743 1014 780; x_wconf 86' lang='grc' dir='ltr'>με</span> <span class='ocrx_word' id='word_1_37' title='bbox 1055 732 1273 779; x_wconf 79' lang='grc' dir='ltr'><em>τεθνηυῖαν</em></span> <span class='ocrx_word' id='word_1_38' title='bbox 1316 728 1374 767; x_wconf 85' lang='grc' dir='ltr'><em>ε’νὶ</em></span> <span class='ocrx_word' id='word_1_39' title='bbox 1416 729 1642 781; x_wconf 77' lang='grc' dir='ltr'><em>μεγάροισιν</em></span> <span class='ocrx_word' id='word_1_40' title='bbox 1685 728 1808 767; x_wconf 78' lang='grc' dir='ltr'><em>ἔλειπε</em></span> <span class='ocrx_word' id='word_1_41' title='bbox 1840 730 1920 769; x_wconf 82' lang='lat' dir='ltr'>hoc</span> 
     </span>
     <span class='ocr_line' id='line_1_6' title="bbox 362 806 1920 857; baseline -0.003 -9"><span class='ocrx_word' id='word_1_42' title='bbox 362 810 484 848; x_wconf 88' lang='lat' dir='ltr'>dicit:</span> <span class='ocrx_word' id='word_1_43' title='bbox 537 810 637 857; x_wconf 83' lang='lat' dir='ltr'>„aut</span> <span class='ocrx_word' id='word_1_44' title='bbox 674 808 920 846; x_wconf 73' lang='lat' dir='ltr'>etiamnunc</span> <span class='ocrx_word' id='word_1_45' title='bbox 951 806 1020 844; x_wconf 91' lang='lat' dir='ltr'>hic</span> <span class='ocrx_word' id='word_1_46' title='bbox 1052 806 1234 856; x_wconf 88' lang='lat' dir='ltr'>adesset,</span> <span class='ocrx_word' id='word_1_47' title='bbox 1269 807 1344 844; x_wconf 90' lang='lat' dir='ltr'>aut</span> <span class='ocrx_word' id='word_1_48' title='bbox 1376 816 1452 854; x_wconf 85' lang='lat' dir='ltr'>ego</span> <span class='ocrx_word' id='word_1_49' title='bbox 1485 806 1578 844; x_wconf 82' lang='lat' dir='ltr'>sola</span> <span class='ocrx_word' id='word_1_50' title='bbox 1608 806 1678 845; x_wconf 87' lang='lat' dir='ltr'>hic</span> <span class='ocrx_word' id='word_1_51' title='bbox 1710 807 1920 844; x_wconf 83' lang='lat' dir='ltr'>restarem</span> 
     </span>
     <span class='ocr_line' id='line_1_7' title="bbox 361 882 1011 923; baseline -0.006 0"><span class='ocrx_word' id='word_1_52' title='bbox 361 885 434 923; x_wconf 89' lang='lat' dir='ltr'>sed</span> <span class='ocrx_word' id='word_1_53' title='bbox 466 894 549 922; x_wconf 90' lang='lat' dir='ltr'>non</span> <span class='ocrx_word' id='word_1_54' title='bbox 581 883 722 921; x_wconf 84' lang='lat' dir='ltr'>viva&#39;’.</span> <span class='ocrx_word' id='word_1_55' title='bbox 757 882 816 920; x_wconf 82' lang='lat' dir='ltr'>Of.</span> <span class='ocrx_word' id='word_1_56' title='bbox 849 884 869 919; x_wconf 82' lang='grc' dir='ltr'><em>λ</em></span> <span class='ocrx_word' id='word_1_57' title='bbox 905 882 1011 920; x_wconf 82' lang='grc'>178;</span> 
     </span>
     <span class='ocr_line' id='line_1_8' title="bbox 594 954 1725 1008; baseline -0.002 -12"><span class='ocrx_word' id='word_1_58' title='bbox 594 955 638 1008; x_wconf 75' lang='grc' dir='ltr'>ἠὲ</span> <span class='ocrx_word' id='word_1_59' title='bbox 670 955 775 1007; x_wconf 87' lang='grc' dir='ltr'><em>μένει</em></span> <span class='ocrx_word' id='word_1_60' title='bbox 805 955 912 1008; x_wconf 82' lang='grc' dir='ltr'><em>παρὰ</em></span> <span class='ocrx_word' id='word_1_61' title='bbox 942 954 1054 995; x_wconf 83' lang='grc' dir='ltr'><em>παιδὶ</em></span> <span class='ocrx_word' id='word_1_62' title='bbox 1084 954 1151 995; x_wconf 81' lang='grc' dir='ltr'>καὶ</span> <span class='ocrx_word' id='word_1_63' title='bbox 1182 955 1329 1007; x_wconf 74' lang='grc' dir='ltr'><em>ἔμπεδα</em></span> <span class='ocrx_word' id='word_1_64' title='bbox 1360 955 1489 995; x_wconf 78' lang='grc' dir='ltr'><em>πάντα</em></span> <span class='ocrx_word' id='word_1_65' title='bbox 1521 956 1725 1006; x_wconf 79' lang='grc' dir='ltr'><em>φυλάσσει,</em></span> 
     </span>
     <span class='ocr_line' id='line_1_9' title="bbox 593 1030 1563 1084; baseline 0 -14"><span class='ocrx_word' id='word_1_66' title='bbox 593 1032 618 1084; x_wconf 71' lang='grc' dir='ltr'>ἢ</span> <span class='ocrx_word' id='word_1_67' title='bbox 650 1031 727 1083; x_wconf 77' lang='grc' dir='ltr'>ἤδη</span> <span class='ocrx_word' id='word_1_68' title='bbox 759 1048 826 1083; x_wconf 92' lang='grc' dir='ltr'><em>μιν</em></span> <span class='ocrx_word' id='word_1_69' title='bbox 857 1031 998 1084; x_wconf 76' lang='grc' dir='ltr'><em>ἔγημεν</em></span> <span class='ocrx_word' id='word_1_70' title='bbox 1030 1034 1190 1083; x_wconf 78' lang='grc' dir='ltr'><em>Ἀχαιῶν</em></span> <span class='ocrx_word' id='word_1_71' title='bbox 1224 1031 1266 1078; x_wconf 80' lang='grc' dir='ltr'>ὅς</span> <span class='ocrx_word' id='word_1_72' title='bbox 1298 1047 1354 1078; x_wconf 84' lang='grc' dir='ltr'>τις</span> <span class='ocrx_word' id='word_1_73' title='bbox 1386 1030 1563 1083; x_wconf 73' lang='grc' dir='ltr'><em>ἅριστοςς</em></span> 
     </span>
     <span class='ocr_line' id='line_1_10' title="bbox 357 1109 1915 1158; baseline -0.001 -10"><span class='ocrx_word' id='word_1_74' title='bbox 357 1111 382 1149; x_wconf 91' lang='lat' dir='ltr'>i.</span> <span class='ocrx_word' id='word_1_75' title='bbox 417 1121 473 1149; x_wconf 90' lang='lat' dir='ltr'>e.:</span> <span class='ocrx_word' id='word_1_76' title='bbox 525 1110 738 1158; x_wconf 88' lang='lat' dir='ltr'>„etiamne</span> <span class='ocrx_word' id='word_1_77' title='bbox 782 1110 867 1148; x_wconf 90' lang='lat' dir='ltr'>est</span> <span class='ocrx_word' id='word_1_78' title='bbox 909 1109 1024 1147; x_wconf 88' lang='lat' dir='ltr'>domi</span> <span class='ocrx_word' id='word_1_79' title='bbox 1065 1119 1189 1147; x_wconf 88' lang='lat' dir='ltr'>meae</span> <span class='ocrx_word' id='word_1_80' title='bbox 1233 1119 1288 1146; x_wconf 83' lang='lat' dir='ltr'>an</span> <span class='ocrx_word' id='word_1_81' title='bbox 1330 1109 1426 1147; x_wconf 90' lang='lat' dir='ltr'>inde</span> <span class='ocrx_word' id='word_1_82' title='bbox 1468 1109 1556 1146; x_wconf 91' lang='lat' dir='ltr'>iam</span> <span class='ocrx_word' id='word_1_83' title='bbox 1598 1109 1777 1147; x_wconf 81' lang='lat' dir='ltr'>abduxit</span> <span class='ocrx_word' id='word_1_84' title='bbox 1818 1119 1915 1148; x_wconf 85' lang='lat' dir='ltr'>eam</span> 
     </span>
     <span class='ocr_line' id='line_1_11' title="bbox 359 1185 1321 1230; baseline -0.002 -6"><span class='ocrx_word' id='word_1_85' title='bbox 359 1196 494 1225; x_wconf 89' lang='lat' dir='ltr'>novus</span> <span class='ocrx_word' id='word_1_86' title='bbox 526 1185 768 1224; x_wconf 85' lang='lat' dir='ltr'>maritus?&#39;’</span> <span class='ocrx_word' id='word_1_87' title='bbox 803 1185 912 1230; x_wconf 84' lang='lat' dir='ltr'>(Vide</span> <span class='ocrx_word' id='word_1_88' title='bbox 945 1185 1078 1223; x_wconf 82' lang='lat' dir='ltr'>etiam</span> <span class='ocrx_word' id='word_1_89' title='bbox 1111 1194 1173 1222; x_wconf 88' lang='lat' dir='ltr'>vs.</span> <span class='ocrx_word' id='word_1_90' title='bbox 1212 1185 1321 1229; x_wconf 84' lang='grc'>181).</span> 
     </span>
     <span class='ocr_line' id='line_1_12' title="bbox 369 1240 1738 1311; baseline -0.001 -12"><span class='ocrx_word' id='word_1_91' title='bbox 369 1240 376 1245; x_wconf 40' lang='lat'><strong>·</strong></span> <span class='ocrx_word' id='word_1_92' title='bbox 417 1261 651 1299; x_wconf 64' lang='lat' dir='ltr'>Et52725:</span> <span class='ocrx_word' id='word_1_93' title='bbox 696 1255 802 1311; x_wconf 75' lang='grc' dir='ltr'><em>ἆνερ,</em></span> <span class='ocrx_word' id='word_1_94' title='bbox 832 1256 893 1297; x_wconf 79' lang='grc' dir='ltr'>ἀπ’</span> <span class='ocrx_word' id='word_1_95' title='bbox 930 1259 1072 1306; x_wconf 84' lang='grc' dir='ltr'><em>αἰῶνος</em></span> <span class='ocrx_word' id='word_1_96' title='bbox 1104 1257 1191 1306; x_wconf 84' lang='grc' dir='ltr'><em>νέος</em></span> <span class='ocrx_word' id='word_1_97' title='bbox 1224 1258 1333 1308; x_wconf 85' lang='grc' dir='ltr'><em>ὤλεο,</em></span> <span class='ocrx_word' id='word_1_98' title='bbox 1363 1257 1439 1297; x_wconf 79' lang='grc' dir='ltr'>κὰδ</span> <span class='ocrx_word' id='word_1_99' title='bbox 1469 1257 1511 1297; x_wconf 80' lang='grc' dir='ltr'>δέ</span> <span class='ocrx_word' id='word_1_100' title='bbox 1542 1273 1588 1309; x_wconf 91' lang='grc' dir='ltr'>με</span> <span class='ocrx_word' id='word_1_101' title='bbox 1614 1258 1738 1311; x_wconf 80' lang='grc' dir='ltr'><em>χήρην</em></span> 
     </span>
     <span class='ocr_line' id='line_1_13' title="bbox 678 1324 1755 1386; baseline -0.001 -14"><span class='ocrx_word' id='word_1_102' title='bbox 678 1335 819 1381; x_wconf 77' lang='grc' dir='ltr'><em>λείπεις</em></span> <span class='ocrx_word' id='word_1_103' title='bbox 852 1333 892 1373; x_wconf 81' lang='grc' dir='ltr'><em>ἕν</em></span> <span class='ocrx_word' id='word_1_104' title='bbox 925 1333 1136 1386; x_wconf 75' lang='grc' dir='ltr'><em>μέγαροισι.</em></span> <span class='ocrx_word' id='word_1_105' title='bbox 1749 1324 1755 1328; x_wconf 76' lang='lat'>,</span> 
     </span>
     <span class='ocr_line' id='line_1_14' title="bbox 360 1410 1571 1460; baseline -0.001 -10"><span class='ocrx_word' id='word_1_106' title='bbox 360 1413 384 1450; x_wconf 92' lang='lat' dir='ltr'>i.</span> <span class='ocrx_word' id='word_1_107' title='bbox 420 1423 478 1450; x_wconf 81' lang='lat' dir='ltr'>e.:</span> <span class='ocrx_word' id='word_1_108' title='bbox 516 1413 587 1460; x_wconf 87' lang='lat' dir='ltr'>„tu</span> <span class='ocrx_word' id='word_1_109' title='bbox 620 1411 822 1459; x_wconf 81' lang='lat' dir='ltr'>occidisti,</span> <span class='ocrx_word' id='word_1_110' title='bbox 858 1422 934 1459; x_wconf 82' lang='lat' dir='ltr'>ego</span> <span class='ocrx_word' id='word_1_111' title='bbox 962 1421 1075 1449; x_wconf 89' lang='lat' dir='ltr'>nunc</span> <span class='ocrx_word' id='word_1_112' title='bbox 1106 1421 1368 1449; x_wconf 88' lang='lat' dir='ltr'>remaneo</span> <span class='ocrx_word' id='word_1_113' title='bbox 1400 1410 1571 1449; x_wconf 88' lang='lat' dir='ltr'>vidua.&#39;’</span> 
     </span>
     <span class='ocr_line' id='line_1_15' title="bbox 415 1485 1918 1535; baseline 0 -10"><span class='ocrx_word' id='word_1_114' title='bbox 415 1488 557 1526; x_wconf 83' lang='lat' dir='ltr'>Priore</span> <span class='ocrx_word' id='word_1_115' title='bbox 600 1487 690 1525; x_wconf 91' lang='lat' dir='ltr'>loco</span> <span class='ocrx_word' id='word_1_116' title='bbox 724 1485 840 1535; x_wconf 74' lang='grc' dir='ltr'><em>μένει,</em></span> <span class='ocrx_word' id='word_1_117' title='bbox 875 1487 1008 1524; x_wconf 87' lang='lat' dir='ltr'>altero</span> <span class='ocrx_word' id='word_1_118' title='bbox 1040 1485 1182 1531; x_wconf 76' lang='grc' dir='ltr'><em>λείπεις</em></span> <span class='ocrx_word' id='word_1_119' title='bbox 1216 1486 1305 1523; x_wconf 86' lang='lat' dir='ltr'>vim</span> <span class='ocrx_word' id='word_1_120' title='bbox 1337 1485 1466 1524; x_wconf 88' lang='lat' dir='ltr'>habet</span> <span class='ocrx_word' id='word_1_121' title='bbox 1497 1486 1764 1534; x_wconf 81' lang='lat' dir='ltr'>perfecti;</span> <span class='ocrx_word' id='word_1_122' title='bbox 1802 1488 1918 1525; x_wconf 89' lang='lat' dir='ltr'>recte</span> 
     </span>
     <span class='ocr_line' id='line_1_16' title="bbox 358 1561 1595 1611; baseline -0.002 -11"><span class='ocrx_word' id='word_1_123' title='bbox 358 1573 455 1611; x_wconf 81' lang='lat' dir='ltr'>ergo</span> <span class='ocrx_word' id='word_1_124' title='bbox 488 1564 715 1610; x_wconf 87' lang='lat' dir='ltr'>utrumque</span> <span class='ocrx_word' id='word_1_125' title='bbox 748 1563 828 1600; x_wconf 84' lang='lat' dir='ltr'>sibi</span> <span class='ocrx_word' id='word_1_126' title='bbox 861 1562 1110 1600; x_wconf 86' lang='lat' dir='ltr'>adiunctum</span> <span class='ocrx_word' id='word_1_127' title='bbox 1141 1561 1271 1599; x_wconf 89' lang='lat' dir='ltr'>habet</span> <span class='ocrx_word' id='word_1_128' title='bbox 1302 1561 1595 1609; x_wconf 88' lang='lat' dir='ltr'>praeteritum.</span> 
     </span>
    </p>
   </div>
   <div class='ocr_carea' id='block_1_3' title="bbox 350 1713 1916 2968">
    <p class='ocr_par' dir='ltr' id='par_1_3' title="bbox 356 1713 1916 1912">
     <span class='ocr_line' id='line_1_17' title="bbox 417 1713 1916 1761; baseline -0.001 -10"><span class='ocrx_word' id='word_1_129' title='bbox 417 1715 497 1751; x_wconf 77' lang='lat'>737</span> <span class='ocrx_word' id='word_1_130' title='bbox 533 1724 622 1761; x_wconf 88' lang='lat' dir='ltr'>sqq.</span> <span class='ocrx_word' id='word_1_131' title='bbox 657 1714 890 1760; x_wconf 88' lang='lat' dir='ltr'>Postquam</span> <span class='ocrx_word' id='word_1_132' title='bbox 923 1713 1030 1751; x_wconf 90' lang='lat' dir='ltr'>satis</span> <span class='ocrx_word' id='word_1_133' title='bbox 1064 1713 1241 1751; x_wconf 75' lang='lat' dir='ltr'>ancillas</span> <span class='ocrx_word' id='word_1_134' title='bbox 1268 1713 1540 1760; x_wconf 76' lang='lat' dir='ltr'>reprehendit</span> <span class='ocrx_word' id='word_1_135' title='bbox 1569 1713 1778 1761; x_wconf 90' lang='lat' dir='ltr'>Penelope</span> <span class='ocrx_word' id='word_1_136' title='bbox 1805 1713 1916 1760; x_wconf 93' lang='lat' dir='ltr'>quod</span> 
     </span>
     <span class='ocr_line' id='line_1_18' title="bbox 356 1788 1915 1837; baseline 0 -11"><span class='ocrx_word' id='word_1_137' title='bbox 356 1789 405 1826; x_wconf 91' lang='lat' dir='ltr'>de</span> <span class='ocrx_word' id='word_1_138' title='bbox 448 1789 690 1827; x_wconf 86' lang='lat' dir='ltr'>Telemachi</span> <span class='ocrx_word' id='word_1_139' title='bbox 733 1789 991 1836; x_wconf 84' lang='lat' dir='ltr'>profectione</span> <span class='ocrx_word' id='word_1_140' title='bbox 1030 1789 1169 1836; x_wconf 89' lang='lat' dir='ltr'>ipsam</span> <span class='ocrx_word' id='word_1_141' title='bbox 1201 1799 1286 1826; x_wconf 90' lang='lat' dir='ltr'>non</span> <span class='ocrx_word' id='word_1_142' title='bbox 1318 1788 1497 1826; x_wconf 77' lang='lat' dir='ltr'>fecerint</span> <span class='ocrx_word' id='word_1_143' title='bbox 1529 1789 1767 1837; x_wconf 76' lang='lat' dir='ltr'>certiorem,</span> <span class='ocrx_word' id='word_1_144' title='bbox 1805 1789 1915 1837; x_wconf 85' lang='lat' dir='ltr'>„agi-</span> 
     </span>
     <span class='ocr_line' id='line_1_19' title="bbox 356 1863 1786 1912; baseline 0.001 -11"><span class='ocrx_word' id='word_1_145' title='bbox 356 1864 529 1901; x_wconf 87' lang='lat' dir='ltr'>tedum”</span> <span class='ocrx_word' id='word_1_146' title='bbox 564 1865 634 1912; x_wconf 90' lang='lat' dir='ltr'>ait,</span> <span class='ocrx_word' id='word_1_147' title='bbox 668 1864 839 1902; x_wconf 83' lang='lat' dir='ltr'>Dolium</span> <span class='ocrx_word' id='word_1_148' title='bbox 872 1874 1047 1901; x_wconf 84' lang='lat' dir='ltr'>servum</span> <span class='ocrx_word' id='word_1_149' title='bbox 1080 1874 1227 1902; x_wconf 89' lang='lat' dir='ltr'>meum</span> <span class='ocrx_word' id='word_1_150' title='bbox 1260 1874 1409 1901; x_wconf 91' lang='lat' dir='ltr'>senem</span> <span class='ocrx_word' id='word_1_151' title='bbox 1442 1863 1525 1901; x_wconf 88' lang='lat' dir='ltr'>huc</span> <span class='ocrx_word' id='word_1_152' title='bbox 1553 1865 1786 1902; x_wconf 86' lang='lat' dir='ltr'>arcessite”</span> 
     </span>
    </p>

    <p class='ocr_par' dir='ltr' id='par_1_4' title="bbox 532 1937 1750 2291">
     <span class='ocr_line' id='line_1_20' title="bbox 1150 1937 1442 1989; baseline 0.003 -14"><span class='ocrx_word' id='word_1_153' title='bbox 1150 1937 1255 1988; x_wconf 84' lang='grc' dir='ltr'><em>ὄφρα</em></span> <span class='ocrx_word' id='word_1_154' title='bbox 1286 1938 1442 1989; x_wconf 80' lang='grc' dir='ltr'><em>τάχιστα</em></span> 
     </span>
     <span class='ocr_line' id='line_1_21' title="bbox 682 2012 1642 2068; baseline 0.001 -17"><span class='ocrx_word' id='word_1_155' title='bbox 682 2012 838 2067; x_wconf 81' lang='grc' dir='ltr'><em>Λαέρτῃ</em></span> <span class='ocrx_word' id='word_1_156' title='bbox 870 2013 960 2051; x_wconf 79' lang='grc' dir='ltr'><em>τάδε</em></span> <span class='ocrx_word' id='word_1_157' title='bbox 991 2013 1118 2052; x_wconf 82' lang='grc' dir='ltr'><em>πάντα</em></span> <span class='ocrx_word' id='word_1_158' title='bbox 1149 2012 1410 2064; x_wconf 78' lang='grc' dir='ltr'><em>παρεζόμενος</em></span> <span class='ocrx_word' id='word_1_159' title='bbox 1441 2012 1642 2068; x_wconf 78' lang='grc' dir='ltr'><em>καταλέξῃ,</em></span> 
     </span>
     <span class='ocr_line' id='line_1_22' title="bbox 679 2087 1750 2140; baseline 0 -13"><span class='ocrx_word' id='word_1_160' title='bbox 679 2089 712 2127; x_wconf 85' lang='grc' dir='ltr'>εἰ</span> <span class='ocrx_word' id='word_1_161' title='bbox 742 2089 790 2138; x_wconf 78' lang='grc' dir='ltr'>δή</span> <span class='ocrx_word' id='word_1_162' title='bbox 822 2090 900 2127; x_wconf 85' lang='grc' dir='ltr'>πού</span> <span class='ocrx_word' id='word_1_163' title='bbox 932 2104 1018 2127; x_wconf 85' lang='grc' dir='ltr'><em>τινα</em></span> <span class='ocrx_word' id='word_1_164' title='bbox 1049 2092 1177 2135; x_wconf 83' lang='grc' dir='ltr'><em>κεῖνος</em></span> <span class='ocrx_word' id='word_1_165' title='bbox 1210 2087 1268 2127; x_wconf 82' lang='grc' dir='ltr'><em>ἐνὶ</em></span> <span class='ocrx_word' id='word_1_166' title='bbox 1299 2087 1414 2140; x_wconf 87' lang='grc' dir='ltr'><em>φρεσὶ</em></span> <span class='ocrx_word' id='word_1_167' title='bbox 1445 2095 1560 2140; x_wconf 81' lang='grc' dir='ltr'><em>μῆτιν</em></span> <span class='ocrx_word' id='word_1_168' title='bbox 1590 2088 1750 2140; x_wconf 82' lang='grc' dir='ltr'><em>ὑφήνας</em></span> 
     </span>
     <span class='ocr_line' id='line_1_23' title="bbox 532 2162 1528 2216; baseline 0.002 -15"><span class='ocrx_word' id='word_1_169' title='bbox 532 2165 616 2202; x_wconf 77' lang='lat'>740</span> <span class='ocrx_word' id='word_1_170' title='bbox 678 2162 847 2210; x_wconf 78' lang='grc' dir='ltr'><em>ἐξελθὼν</em></span> <span class='ocrx_word' id='word_1_171' title='bbox 879 2167 1030 2203; x_wconf 86' lang='grc' dir='ltr'><em>λαοῖσιν</em></span> <span class='ocrx_word' id='word_1_172' title='bbox 1063 2162 1257 2216; x_wconf 78' lang='grc' dir='ltr'><em>ὀδύρεται,</em></span> <span class='ocrx_word' id='word_1_173' title='bbox 1290 2165 1328 2203; x_wconf 77' lang='grc' dir='ltr'>οἳ</span> <span class='ocrx_word' id='word_1_174' title='bbox 1360 2164 1528 2215; x_wconf 81' lang='grc' dir='ltr'><em>μεμάασι</em></span> 
     </span>
     <span class='ocr_line' id='line_1_24' title="bbox 675 2236 1660 2291; baseline 0.004 -16"><span class='ocrx_word' id='word_1_175' title='bbox 675 2238 752 2277; x_wconf 65' lang='grc' dir='ltr'><em>,Ρὸν</em></span> <span class='ocrx_word' id='word_1_176' title='bbox 785 2237 849 2276; x_wconf 81' lang='grc' dir='ltr'>καὶ</span> <span class='ocrx_word' id='word_1_177' title='bbox 874 2236 1088 2289; x_wconf 78' lang='grc' dir='ltr'><em>Ὀδυσσῆος</em></span> <span class='ocrx_word' id='word_1_178' title='bbox 1121 2243 1266 2287; x_wconf 83' lang='grc' dir='ltr'><em>φθῖσαι</em></span> <span class='ocrx_word' id='word_1_179' title='bbox 1296 2239 1416 2291; x_wconf 75' lang='grc' dir='ltr'><em>γόνον</em></span> <span class='ocrx_word' id='word_1_180' title='bbox 1449 2238 1660 2279; x_wconf 78' lang='grc' dir='ltr'><em>ἀντιθέοιο.</em></span> 
     </span>
    </p>

    <p class='ocr_par' dir='ltr' id='par_1_5' title="bbox 350 2313 1912 2968">
     <span class='ocr_line' id='line_1_25' title="bbox 413 2313 1912 2366; baseline 0.002 -13"><span class='ocrx_word' id='word_1_181' title='bbox 413 2315 478 2353; x_wconf 87' lang='lat' dir='ltr'>Ad</span> <span class='ocrx_word' id='word_1_182' title='bbox 525 2313 572 2361; x_wconf 82' lang='grc' dir='ltr'>οῖ’,</span> <span class='ocrx_word' id='word_1_183' title='bbox 621 2315 730 2361; x_wconf 90' lang='lat' dir='ltr'>quod</span> <span class='ocrx_word' id='word_1_184' title='bbox 777 2325 839 2352; x_wconf 89' lang='lat' dir='ltr'>vs.</span> <span class='ocrx_word' id='word_1_185' title='bbox 885 2316 968 2352; x_wconf 80' lang='lat'>740</span> <span class='ocrx_word' id='word_1_186' title='bbox 1010 2316 1177 2364; x_wconf 84' lang='lat' dir='ltr'>legitur,</span> <span class='ocrx_word' id='word_1_187' title='bbox 1223 2316 1463 2354; x_wconf 81' lang='lat' dir='ltr'>annotatis:</span> <span class='ocrx_word' id='word_1_188' title='bbox 1515 2317 1592 2365; x_wconf 89' lang='lat' dir='ltr'>„de</span> <span class='ocrx_word' id='word_1_189' title='bbox 1628 2317 1718 2355; x_wconf 89' lang='lat' dir='ltr'>toto</span> <span class='ocrx_word' id='word_1_190' title='bbox 1758 2318 1912 2366; x_wconf 91' lang='lat' dir='ltr'>populo</span> 
     </span>
     <span class='ocr_line' id='line_1_26' title="bbox 356 2390 1912 2440; baseline 0.004 -14"><span class='ocrx_word' id='word_1_191' title='bbox 356 2390 499 2426; x_wconf 87' lang='lat' dir='ltr'>minus</span> <span class='ocrx_word' id='word_1_192' title='bbox 546 2392 741 2427; x_wconf 79' lang='lat' dir='ltr'>accurate</span> <span class='ocrx_word' id='word_1_193' title='bbox 782 2390 977 2428; x_wconf 84' lang='lat' dir='ltr'>dicitur&#39;’.</span> <span class='ocrx_word' id='word_1_194' title='bbox 1020 2392 1288 2440; x_wconf 77' lang='lat' dir='ltr'>Rectissime,</span> <span class='ocrx_word' id='word_1_195' title='bbox 1328 2393 1375 2430; x_wconf 87' lang='lat' dir='ltr'>ut</span> <span class='ocrx_word' id='word_1_196' title='bbox 1407 2393 1576 2440; x_wconf 88' lang='lat' dir='ltr'>opinor:</span> <span class='ocrx_word' id='word_1_197' title='bbox 1610 2393 1764 2432; x_wconf 90' lang='lat' dir='ltr'>iniuria</span> <span class='ocrx_word' id='word_1_198' title='bbox 1795 2394 1912 2432; x_wconf 88' lang='lat' dir='ltr'>totus</span> 
     </span>
     <span class='ocr_line' id='line_1_27' title="bbox 354 2464 1912 2516; baseline 0.004 -16"><span class='ocrx_word' id='word_1_199' title='bbox 354 2464 533 2511; x_wconf 86' lang='lat' dir='ltr'>populus</span> <span class='ocrx_word' id='word_1_200' title='bbox 575 2465 727 2502; x_wconf 80' lang='lat' dir='ltr'>dicitur</span> <span class='ocrx_word' id='word_1_201' title='bbox 764 2466 994 2512; x_wconf 84' lang='lat' dir='ltr'>perniciem</span> <span class='ocrx_word' id='word_1_202' title='bbox 1026 2466 1198 2512; x_wconf 79' lang='lat' dir='ltr'>Ulyssis</span> <span class='ocrx_word' id='word_1_203' title='bbox 1230 2467 1347 2514; x_wconf 83' lang='lat' dir='ltr'>genti</span> <span class='ocrx_word' id='word_1_204' title='bbox 1375 2468 1530 2506; x_wconf 90' lang='lat' dir='ltr'>moliri.</span> <span class='ocrx_word' id='word_1_205' title='bbox 1564 2468 1709 2516; x_wconf 85' lang='lat' dir='ltr'>Neque</span> <span class='ocrx_word' id='word_1_206' title='bbox 1741 2469 1912 2516; x_wconf 89' lang='lat' dir='ltr'>iniquus</span> 
     </span>
     <span class='ocr_line' id='line_1_28' title="bbox 354 2539 1912 2590; baseline 0.004 -15"><span class='ocrx_word' id='word_1_207' title='bbox 354 2539 493 2576; x_wconf 88' lang='lat' dir='ltr'>solum</span> <span class='ocrx_word' id='word_1_208' title='bbox 526 2540 581 2576; x_wconf 88' lang='lat' dir='ltr'>sit</span> <span class='ocrx_word' id='word_1_209' title='bbox 614 2540 800 2587; x_wconf 75' lang='lat' dir='ltr'>Laertes,</span> <span class='ocrx_word' id='word_1_210' title='bbox 836 2541 871 2577; x_wconf 90' lang='lat' dir='ltr'>si</span> <span class='ocrx_word' id='word_1_211' title='bbox 905 2541 1113 2579; x_wconf 86' lang='lat' dir='ltr'>eiusmodi</span> <span class='ocrx_word' id='word_1_212' title='bbox 1146 2542 1304 2589; x_wconf 86' lang='lat' dir='ltr'>aliquid</span> <span class='ocrx_word' id='word_1_213' title='bbox 1335 2543 1415 2580; x_wconf 90' lang='lat' dir='ltr'>toti</span> <span class='ocrx_word' id='word_1_214' title='bbox 1447 2543 1600 2590; x_wconf 89' lang='lat' dir='ltr'>populo</span> <span class='ocrx_word' id='word_1_215' title='bbox 1633 2543 1806 2582; x_wconf 85' lang='lat' dir='ltr'>obiiciat</span> <span class='ocrx_word' id='word_1_216' title='bbox 1837 2545 1912 2582; x_wconf 91' lang='lat' dir='ltr'>sed</span> 
     </span>
     <span class='ocr_line' id='line_1_29' title="bbox 354 2613 1910 2666; baseline 0.006 -17"><span class='ocrx_word' id='word_1_217' title='bbox 354 2614 484 2650; x_wconf 71' lang='lat' dir='ltr'>etiam</span> <span class='ocrx_word' id='word_1_218' title='bbox 518 2613 706 2651; x_wconf 84' lang='lat' dir='ltr'>insanus.</span> <span class='ocrx_word' id='word_1_219' title='bbox 742 2614 818 2662; x_wconf 75' lang='lat' dir='ltr'>Qui</span> <span class='ocrx_word' id='word_1_220' title='bbox 846 2615 960 2652; x_wconf 88' lang='lat' dir='ltr'>enim</span> <span class='ocrx_word' id='word_1_221' title='bbox 989 2619 1220 2654; x_wconf 80' lang='lat' dir='ltr'>convocato</span> <span class='ocrx_word' id='word_1_222' title='bbox 1249 2620 1363 2661; x_wconf 82' lang='lat' dir='ltr'>(nain</span> <span class='ocrx_word' id='word_1_223' title='bbox 1391 2617 1470 2655; x_wconf 86' lang='lat' dir='ltr'>hoc</span> <span class='ocrx_word' id='word_1_224' title='bbox 1497 2619 1748 2665; x_wconf 85' lang='lat' dir='ltr'>praecedere</span> <span class='ocrx_word' id='word_1_225' title='bbox 1773 2620 1910 2666; x_wconf 83' lang='lat' dir='ltr'>debet)</span> 
     </span>
     <span class='ocr_line' id='line_1_30' title="bbox 352 2685 1910 2738; baseline 0.004 -13"><span class='ocrx_word' id='word_1_226' title='bbox 352 2690 442 2726; x_wconf 88' lang='lat' dir='ltr'>toto</span> <span class='ocrx_word' id='word_1_227' title='bbox 484 2688 636 2735; x_wconf 88' lang='lat' dir='ltr'>populo</span> <span class='ocrx_word' id='word_1_228' title='bbox 679 2685 857 2737; x_wconf 78' lang='grc' dir='ltr'><em>ὀδύρεται</em></span> <span class='ocrx_word' id='word_1_229' title='bbox 900 2690 1068 2738; x_wconf 83' lang='lat' dir='ltr'>aliquid,</span> <span class='ocrx_word' id='word_1_230' title='bbox 1115 2691 1236 2729; x_wconf 90' lang='lat' dir='ltr'>illum</span> <span class='ocrx_word' id='word_1_231' title='bbox 1278 2691 1506 2729; x_wconf 86' lang='lat' dir='ltr'>lamentari</span> <span class='ocrx_word' id='word_1_232' title='bbox 1548 2693 1598 2730; x_wconf 91' lang='lat' dir='ltr'>de</span> <span class='ocrx_word' id='word_1_233' title='bbox 1630 2693 1797 2732; x_wconf 84' lang='lat' dir='ltr'>insidiis</span> <span class='ocrx_word' id='word_1_234' title='bbox 1829 2695 1910 2733; x_wconf 91' lang='lat' dir='ltr'>sibi</span> 
     </span>
     <span class='ocr_line' id='line_1_31' title="bbox 350 2763 1910 2815; baseline 0.006 -16"><span class='ocrx_word' id='word_1_235' title='bbox 350 2763 621 2810; x_wconf 84' lang='lat' dir='ltr'>familiaeque</span> <span class='ocrx_word' id='word_1_236' title='bbox 669 2774 771 2801; x_wconf 86' lang='lat' dir='ltr'>suae</span> <span class='ocrx_word' id='word_1_237' title='bbox 814 2766 1001 2812; x_wconf 86' lang='lat' dir='ltr'>structis,</span> <span class='ocrx_word' id='word_1_238' title='bbox 1046 2776 1130 2803; x_wconf 89' lang='lat' dir='ltr'>non</span> <span class='ocrx_word' id='word_1_239' title='bbox 1174 2767 1225 2804; x_wconf 89' lang='lat' dir='ltr'>ab</span> <span class='ocrx_word' id='word_1_240' title='bbox 1269 2767 1418 2804; x_wconf 91' lang='lat' dir='ltr'>eodem</span> <span class='ocrx_word' id='word_1_241' title='bbox 1460 2767 1531 2805; x_wconf 90' lang='lat' dir='ltr'>illo</span> <span class='ocrx_word' id='word_1_242' title='bbox 1573 2769 1726 2815; x_wconf 89' lang='lat' dir='ltr'>populo</span> <span class='ocrx_word' id='word_1_243' title='bbox 1768 2770 1843 2807; x_wconf 92' lang='lat' dir='ltr'>sed</span> <span class='ocrx_word' id='word_1_244' title='bbox 1885 2780 1910 2808; x_wconf 84' lang='lat' dir='ltr'>a</span> 
     </span>
     <span class='ocr_line' id='line_1_32' title="bbox 353 2838 1910 2892; baseline 0.004 -17"><span class='ocrx_word' id='word_1_245' title='bbox 353 2838 479 2875; x_wconf 75' lang='lat' dir='ltr'>certis</span> <span class='ocrx_word' id='word_1_246' title='bbox 512 2838 764 2885; x_wconf 85' lang='lat' dir='ltr'>quibusdam</span> <span class='ocrx_word' id='word_1_247' title='bbox 792 2839 1037 2877; x_wconf 80' lang='lat' dir='ltr'>hominibus</span> <span class='ocrx_word' id='word_1_248' title='bbox 1066 2843 1215 2888; x_wconf 89' lang='lat' dir='ltr'>sponte</span> <span class='ocrx_word' id='word_1_249' title='bbox 1244 2842 1537 2889; x_wconf 81' lang='lat' dir='ltr'>intelligimus.</span> <span class='ocrx_word' id='word_1_250' title='bbox 1567 2843 1647 2881; x_wconf 90' lang='lat' dir='ltr'>Pro</span> <span class='ocrx_word' id='word_1_251' title='bbox 1676 2843 1748 2881; x_wconf 91' lang='lat' dir='ltr'>illo</span> <span class='ocrx_word' id='word_1_252' title='bbox 1779 2845 1910 2892; x_wconf 85' lang='lat' dir='ltr'>igitur</span> 
     </span>
     <span class='ocr_line' id='line_1_33' title="bbox 350 2911 1907 2968; baseline 0.006 -19"><span class='ocrx_word' id='word_1_253' title='bbox 350 2911 393 2950; x_wconf 83' lang='grc' dir='ltr'>οῖ’</span> <span class='ocrx_word' id='word_1_254' title='bbox 418 2913 489 2950; x_wconf 79' lang='lat' dir='ltr'>alii</span> <span class='ocrx_word' id='word_1_255' title='bbox 523 2914 605 2951; x_wconf 77' lang='lat' dir='ltr'>alia</span> <span class='ocrx_word' id='word_1_256' title='bbox 639 2914 920 2952; x_wconf 78' lang='lat' dir='ltr'>coniecerunt.</span> <span class='ocrx_word' id='word_1_257' title='bbox 954 2915 1126 2957; x_wconf 81' lang='lat' dir='ltr'>Verum,</span> <span class='ocrx_word' id='word_1_258' title='bbox 1162 2917 1242 2953; x_wconf 89' lang='lat' dir='ltr'>nisi</span> <span class='ocrx_word' id='word_1_259' title='bbox 1276 2927 1352 2963; x_wconf 85' lang='lat' dir='ltr'>ego</span> <span class='ocrx_word' id='word_1_260' title='bbox 1380 2918 1504 2964; x_wconf 86' lang='lat' dir='ltr'>plane</span> <span class='ocrx_word' id='word_1_261' title='bbox 1532 2919 1734 2968; x_wconf 86' lang='lat' dir='ltr'>caecutiO,</span> <span class='ocrx_word' id='word_1_262' title='bbox 1763 2919 1812 2958; x_wconf 92' lang='lat' dir='ltr'>fit</span> <span class='ocrx_word' id='word_1_263' title='bbox 1838 2920 1907 2958; x_wconf 87' lang='lat' dir='ltr'>hic</span> 
     </span>
    </p>
   </div>
  </div>
 </body>
</html>
