2030 3439
1109 370 1163 408 46

419 498 501 537 298
652 494 716 534 καὶ
750 495 893 545 Λήδην
927 493 1063 532 ἒῖίῑιδον
1097 492 1167 543 τὴν
1204 491 1432 544 Τυνδαρέου
1465 491 1697 543 παράκοιτιν

418 574 560 611 Attica
594 573 709 620 haec,
745 582 828 609 non
862 571 992 618 epica.
1027 570 1211 607 Versum
1244 569 1304 608 ita
1336 570 1652 608 emendandum
1686 578 1837 607 censeo
1870 571 1916 607 ut

360 649 564 687 articulus
596 646 665 696 τήν
697 647 884 685 tollatur.

420 799 502 837 305
541 809 602 845 sq.
666 796 736 846 τὴν
770 794 809 834 δὲ
843 792 914 846 μετ’
947 792 1184 845 Ἰφιμέδειαν
1220 799 1382 846 Ἀλωῆος
1414 795 1646 846 παράκοιτιν

670 872 850 921 ἒὶΡῈιδον,
880 869 904 922 ἢ
938 870 986 921 δὴ
1020 870 1164 921 ἔφασκε
1198 871 1446 910 Ποσειδάωνι
1478 877 1650 923 μιγῆναι.

360 948 525 998 ἔφασκε
556 959 710 997 ergone
737 958 889 986 verum
917 948 1020 985 illud
1048 958 1133 986 non
1161 949 1263 996 erat,
1294 948 1368 986 sed
1396 948 1489 996 ipsa
1516 947 1597 985 sibi
1621 957 1642 985 e
1664 946 1919 985 mortalibus

361 1027 600 1063 amatorem
642 1024 781 1073 elegit,
827 1024 977 1061 deinde
1020 1023 1197 1071 gravida
1238 1023 1363 1072 facta,
1398 1033 1451 1061 ne
1485 1033 1509 1060 a
1540 1023 1709 1071 marito,
1745 1022 1816 1070 qui
1848 1022 1919 1060 diu

361 1101 515 1138 absens
557 1100 722 1148 fuisset⁷
769 1099 965 1137 adulterii
1008 1099 1344 1146 insimularetur,
1390 1109 1488 1136 cum
1521 1098 1717 1146 Neptuno
1750 1108 1796 1135 se
1828 1108 1920 1136 rem

362 1176 561 1214 habuisse
603 1175 729 1213 finxit
773 1175 924 1213 callida
965 1174 1151 1212 mulier?
1194 1174 1252 1213 At
1289 1175 1452 1222 peperit
1484 1173 1606 1222 filios,
1642 1184 1748 1222 quos
1780 1174 1921 1221 quivis

361 1253 410 1289 de
443 1252 518 1289 deo
553 1252 778 1298 conceptos
811 1251 1082 1298 agnosceret:

653 1325 835 1376 ἐννέωροι
867 1325 939 1377 γάρ
971 1325 1032 1364 τοί
1060 1340 1101 1377 γε
1133 1323 1198 1363 καὶ
1231 1323 1482 1374 ἐννεαπήχεες
1515 1319 1628 1375 ’ἧσαιῃ

362 1407 415 1452 et,
445 1405 481 1442 si
509 1404 560 1441 ad
593 1403 783 1441 adultam
818 1403 1116 1450 pervenissent
1149 1403 1350 1450 aetatem,
1386 1402 1526 1449 ipsum
1560 1402 1707 1439 Iovem
1741 1403 1919 1438 ceteros-

363 1492 441 1527 que
485 1480 584 1517 deos
623 1480 672 1516 de
706 1489 782 1516 suo
816 1478 1102 1516 detrusissent
1135 1478 1330 1525 Olympo.
1365 1477 1469 1514 Vide
1503 1487 1610 1524 quae
1643 1477 1693 1514 de
1729 1476 1921 1514 versibus

364 1555 594 1593 235—259
630 1554 958 1602 disputavimus.

422 1706 505 1743 336
554 1715 643 1751 scm.
692 1704 850 1741 Audita
897 1703 1068 1751 Ulyssis
1115 1702 1359 1741 narratione
1407 1703 1714 1750 obstupescunt
1757 1712 1920 1740 omnes.

363 1780 552 1817 Tandem
585 1781 726 1828 Arete7
763 1779 1006 1816 Phaeacum
1040 1779 1198 1826 regina,
1233 1779 1339 1816 haec
1370 1778 1578 1825 loquitur:

662 1855 846 1904 Φαίηκες,
876 1860 957 1899 πῶς
991 1849 1085 1903 ’ὗμιν
1120 1852 1220 1904 ἀνὴρ
1255 1853 1319 1891 ὅδε
1352 1854 1532 1902 φαίνεται
1565 1849 1666 1891 εἶναι

658 1929 792 1975 ,Ρεῖδός
824 1944 860 1967 τε
894 1928 1058 1980 μέγεθός
1091 1943 1127 1967 τε
1161 1926 1219 1967 ἰδὲ
1252 1927 1398 1978 φρένας
1433 1928 1548 1967 ἔνδον
1581 1927 1738 1975 ἐὶίσαςη

659 2006 783 2052 ξεῖνος
817 2001 851 2042 δ’
890 1999 968 2043 αὖτ’
1007 2004 1096 2055 ἐμός
1131 2004 1219 2053 ἐστι,
1249 2004 1439 2050 ,Ρέκαστος
1474 2001 1511 2043 δ’
1548 2004 1689 2055 ἔμμορε
1721 2010 1842 2055 τιμῆς.

424 2082 511 2129 Quo
543 2081 669 2119 modo
701 2081 786 2119 ista
816 2079 1005 2126 fe'nocotog
1039 2078 1074 2118 δ’
1113 2080 1253 2130 ἔμμορε
1282 2086 1392 2130 τιμῆς
1420 2080 1715 2129 accipiamus?
1743 2082 1811 2120 An
1838 2081 1921 2119 sic:

369 2157 685 2205 „unusquisque
729 2159 980 2195 vestrum
1015 2157 1155 2204 aliquo
1193 2157 1352 2195 honore
1385 2157 1577 2204 fungitur
1610 2159 1649 2201 (a
1680 2167 1779 2205 rege
1811 2157 1922 2201 dato)

367 2242 387 2269 e
421 2243 500 2279 quo
533 2233 637 2270 lucri
671 2233 837 2270 affatim
870 2233 1133 2280 pe1·cipiat‘?'’
1168 2233 1259 2271 Hoc
1292 2233 1452 2270 dixeris
1484 2234 1655 2280 propter
1687 2233 1921 2280 sequentia,

367 2318 546 2354 quorum
593 2308 698 2345 haec
747 2310 811 2346 est
858 2308 944 2346 fere
1003 2309 1239 2346 sententia:
1293 2319 1417 2356 „ergo
1467 2309 1720 2355 quantocius
1766 2308 1925 2356 hospiti

368 2383 620 2420 comitatum
663 2383 759 2421 date
803 2385 844 2421 et-
886 2383 927 2421 in
972 2384 1094 2422 donis
1137 2384 1287 2422 dandis
1329 2383 1445 2431 parci
1488 2393 1582 2421 esse
1625 2383 1798 2422 nolite’'.
1844 2383 1924 2422 Sed

368 2458 507 2505 inepte
541 2458 697 2496 iterum
730 2469 859 2496 causa
891 2459 1059 2497 additur
1092 2469 1165 2497 cur
1196 2459 1403 2506 benignos
1436 2468 1530 2496 esse
1564 2468 1635 2497 eos
1668 2460 1838 2497 deceat:

1275 2532 1398 2572 πολλὰ
1429 2532 1501 2584 γὰρ
1534 2528 1628 2583 ὗμιν

662 2605 815 2658 κτήματ’
853 2607 909 2646 ἐνὶ
941 2609 1140 2660 μεγάροισι
1172 2613 1279 2647 θεῶν
1314 2608 1434 2659 ἰότητι
1465 2607 1630 2647 κέονται.

427 2684 493 2721 An
535 2683 595 2720 sic
638 2684 710 2721 illa
752 2685 879 2722 verba
922 2687 1166 2723 vertamus:
1205 2685 1457 2733 „unicuique
1489 2687 1742 2723 vestrum
1774 2685 1925 2724 honori

369 2759 435 2795 est
478 2758 599 2804 <quod
642 2759 773 2796 talem
817 2760 1029 2806 hospitem
1074 2760 1356 2799 liabeiniis›?”
1391 2760 1482 2797 Hoc
1515 2770 1612 2798 cum
1644 2762 1923 2808 praecedente

369 2834 492 2878 ξεῖνος
537 2829 570 2869 ὸ’
618 2827 696 2870 αὖτ’
745 2832 832 2882 ἐμός
876 2832 950 2870 ἐστι
994 2835 1148 2872 melius
1193 2835 1402 2873 cohaeret.
1447 2836 1513 2872 An
1561 2836 1741 2882 denique
1783 2834 1923 2886 ἔμμορε

370 2908 553 2945 aoristus
597 2910 661 2945 est
704 2909 948 2956 gnomicus;
994 2911 1360 2957 supplendumque
1402 2912 1525 2955 ξεῖνος
1559 2912 1604 2947 ut
1637 2912 1763 2958 neget
1796 2911 1923 2949 Arete
