2030 3439
1110 354 1164 392 42

360 482 539 529 videtur,
575 482 672 528 quia
703 482 855 519 horum
888 480 991 517 nihil
1025 482 1139 517 recte
1172 480 1448 526 sequentibus
1476 477 1555 516 ἐπεὶ
1585 478 1712 516 οὐκέτι
1736 475 1912 526 ’φαίνετο

360 557 495 605 πομπή
529 557 763 604 opponitur.
800 556 876 593 Sed
912 556 971 592 ita
1004 555 1183 593 obscura
1216 556 1344 593 verba
1372 556 1577 593 vertenda
1608 557 1710 593 sunt
1736 556 1783 593 ut
1810 555 1926 593 haec-

360 634 446 671 fere
479 633 631 671 ‹wadat
663 633 898 670 sententia:
937 632 1122 679 „nostris
1155 632 1235 679 ipsi
1268 632 1471 670 viribus.”
1507 632 1615 669 Tum
1648 640 1822 668 versus:

591 705 745 757 ’τείρετο
780 703 816 744 ‹5’
854 705 1010 755 ἀνδρῶν
1043 705 1173 756 θυμὸς
1208 704 1273 744 ὑπ’
1311 707 1474 756 εἰρεσίης
1507 705 1705 758 ἀλεγεινῆς

360 785 401 821 in
443 784 685 831 parenthesi
730 784 808 821 erit
850 783 1065 830 legendus,
1110 783 1405 831 iungendaque
1442 783 1554 821 inter
1586 792 1631 820 se
1657 777 1840 830 ’πλέομεν
1874 782 1916 819 et

358 857 520 912 ἡμετέρῃ
553 859 679 912 ματίῃ.

422 1012 501 1048 109
535 1022 596 1057 sq.
629 1011 693 1048 Ad
727 1011 1067 1058 Laestrygonum
1094 1012 1257 1048 terram
1285 1011 1353 1048 ubi
1382 1011 1545 1059 appulit
1571 1011 1752 1059 Ulysses
1777 1011 1916 1058 explo-

359 1089 522 1125 ratores
555 1088 763 1134 quosdam
794 1087 1046 1134 praemittit.
1082 1086 1241 1135 Quibus
1274 1086 1445 1124 obviam
1478 1086 1526 1125 fit
1558 1087 1670 1135 regis
1702 1086 1811 1124 filia:

596 1163 634 1200 οἳ
663 1160 704 1200 δὲ
735 1162 1014 1212 παριστάμενοι
1047 1162 1326 1213 προσεφώνεον
1359 1161 1400 1200 ἔκ
1431 1159 1461 1200 τ’
1499 1161 1664 1213 ἐρέοντο,

595 1237 636 1283 ὅς
669 1253 722 1283 τις
754 1234 871 1275 τῶνδ’
907 1237 965 1287 εἴη
998 1237 1178 1288 βασιλεὺς
1210 1237 1275 1275 καὶ
1306 1241 1404 1276 τοῖσι
1435 1237 1642 1276 Ἑανάσσοι.

419 1314 655 1352 Aristarchi
696 1314 821 1352 Iectio
856 1316 921 1352 est
953 1312 1017 1351 καὶ
1049 1317 1171 1351 τοῖσιν
1205 1312 1391 1352 cimicem:
1430 1315 1474 1352 in
1507 1315 1721 1353 codicibus
1746 1315 1821 1352 ‘est
1854 1310 1919 1350 καὶ

360 1385 460 1427 οἷσιν
499 1391 541 1427 et
573 1386 635 1438 7'1d'
673 1385 773 1427 οἷσιν
806 1387 983 1437 ἀνάσσοι,
1013 1390 1087 1428 sed
1120 1390 1226 1428 nihil
1258 1391 1413 1428 horum
1445 1391 1549 1428 viris
1582 1390 1718 1429 doctis
1749 1388 1917 1438 probari

360 1466 510 1514 potuit,
540 1475 687 1513 neque,
717 1466 764 1503 ut
791 1465 950 1514 opinor,
979 1466 1226 1513 probabitur
1252 1476 1443 1514 unquam
1470 1468 1585 1504 recte
1607 1465 1917 1514 reputantibus.

362 1541 477 1589 Quod
505 1544 648 1580 autem
678 1552 755 1579 vos
782 1543 1029 1591 proponitis,
1059 1540 1123 1579 καὶ
1150 1542 1240 1595 τῇδε
1266 1542 1462 1580 famiam
1479 1543 1545 1580 ve]
1564 1545 1690 1580 λαοῖσι
1707 1541 1921 1579 Ὲανάσσων

363 1618 582 1655 verbosius
630 1628 759 1665 quam
806 1629 879 1665 pro
927 1628 971 1656 re
1018 1618 1199 1656 videtur.
1247 1618 1307 1656 De
1355 1616 1472 1656 τέοισι
1518 1629 1619 1657 vero
1665 1618 1735 1656 vel
1783 1615 1922 1655 ὁτέοισι

363 1694 599 1731 invehendo
642 1703 695 1730 ne
739 1694 876 1740 cogito
910 1693 1104 1740 quidem:
1138 1704 1274 1741 neque
1308 1695 1423 1732 enirn
1455 1694 1563 1732 mihi
1595 1694 1807 1741 synizesis
1840 1694 1925 1732 ista

363 1769 501 1816 placet
543 1779 677 1815 neque
721 1770 935 1807 sententia
977 1780 1083 1816 quae
1127 1770 1187 1807 sic
1228 1770 1431 1808 nascitur.
1465 1770 1576 1808 Nam
1610 1769 1719 1807 scire
1752 1769 1924 1817 quidem

362 1845 533 1892 Ulyssis
561 1846 740 1883 comites
767 1846 917 1883 volunt
945 1846 1082 1893 qualis
1110 1847 1167 1884 sit
1193 1847 1374 1894 populus
1403 1847 1453 1884 ad
1482 1856 1609 1893 quem
1637 1845 1922 1893 pervenerint,

364 1921 436 1958 sed
480 1931 563 1959 non
605 1921 721 1959 illam
767 1922 844 1959 hoc
888 1924 1040 1969 rogant
1073 1932 1202 1969 quam
1234 1923 1420 1970 primam
1454 1922 1612 1960 habent
1644 1922 1838 1959 obviam:
1873 1921 1924 1959 ab

365 1996 448 2044 illa,
488 1997 531 2034 ni
563 1997 697 2045 fallor,
733 1998 845 2045 regis
878 1998 959 2035 sibi
991 1999 1224 2036 monstrari
1257 1999 1434 2036 domum
1468 1999 1665 2046 cupiunt3
1704 1997 1777 2036 1110
1811 1996 1927 2035 enim

366 2073 546 2121 cognito,
577 2073 732 2120 illoque
759 2074 811 2111 iis
838 2074 950 2112 facto
979 2074 1129 2123 amico,
1161 2076 1302 2112 cetera
1329 2075 1474 2112 omnia
1501 2075 1652 2122 sponte
1680 2073 1924 2121 sequentur.

366 2150 527 2197 Regem
575 2160 673 2197 ergo
721 2152 943 2199 quaerunt,
993 2151 1066 2189 sed
1114 2151 1275 2189 addunt
1322 2174 1375 2178 —
1424 2151 1555 2198 quid?
1599 2150 1705 2198 Quid
1746 2149 1928 2198 possunt

367 2224 519 2262 addere
552 2225 595 2262 in
627 2235 677 2263 ea
704 2226 886 2275 regione,
916 2226 987 2264 ubi
1014 2237 1151 2274 neque
1179 2228 1375 2264 armenta
1402 2226 1640 2274 pecudesve
1669 2235 1763 2264 esse
1790 2235 1927 2273 neque

368 2310 492 2347 agros
521 2300 599 2338 coli
627 2301 714 2338 iam
742 2302 1019 2349 cognoverint
1046 2305 1122 2347 (vs.
1154 2303 1208 2340 98
1237 2305 1327 2351 sq.),
1358 2303 1512 2350 quidve
1540 2303 1761 2350 praeterea
1778 2310 1927 2349 rogare

368 2375 460 2423 viri,
490 2375 561 2422 qui
588 2376 713 2424 paulo
742 2378 840 2415 ante
868 2376 958 2423 τοὺς
981 2375 1261 2428 ἀβασιλεύτους
1280 2378 1466 2416 viderint
1484 2376 1738 2422 Κύκλωπαςῗ)
1756 2376 1925 2425 Opinor,

370 2451 439 2497 qui
486 2461 698 2499 nusquam
746 2454 936 2491 aratores
983 2455 1233 2501 pastoresve
1281 2453 1556 2502 conspiciant,
1601 2454 1793 2491 metuere
1840 2452 1928 2490 iam

371 2526 578 2573 incipiunt
614 2537 666 2565 ne
709 2527 866 2566 iterum
909 2529 960 2566 ad
1002 2529 1138 2567 feram
1182 2530 1398 2576 quandam
1440 2530 1613 2577 gentem
1647 2529 1735 2566 sint
1767 2526 1929 2576 delapsi

371 2601 475 2638 nulli
517 2603 617 2650 regi,
662 2603 766 2640 nulli
808 2603 890 2651 legi
931 2606 1167 2651 parentem.
1208 2605 1309 2642 Tale
1341 2605 1487 2642 autem
1518 2604 1754 2642 metuentis
1785 2603 1927 2641 huius-

373 2677 536 2715 cemodi
570 2688 663 2715 esse
697 2678 805 2715 solet
837 2679 993 2716 oratio:
1032 2680 1094 2726 „si
1126 2680 1219 2728 quis
1251 2680 1320 2717 hic
1351 2690 1428 2717 rex
1461 2680 1538 2727 est,
1574 2679 1668 2726 quis
1700 2679 1770 2716 iHe
1803 2678 1927 2716 est?'’

372 2754 492 2801 Ergo,
537 2763 799 2800 quamquam
842 2754 971 2793 verba
1012 2765 1096 2793 non
1138 2756 1321 2804 praesto,
1366 2755 1533 2792 dedisse
1567 2754 1725 2802 aliquid
1755 2755 1928 2802 poetam

375 2829 496 2866 credo
531 2829 572 2866 in
606 2829 715 2866 hanc
746 2829 1030 2868 sententiam:

612 2902 712 2949 ὅστις
743 2899 861 2941 τῶνδ’
896 2903 954 2955 εἴη
988 2904 1183 2955 βασιλεύς,
1213 2903 1251 2943 εἴ
1275 2903 1329 2951 τίς
1362 2903 1410 2956 ῥα
1441 2903 1648 2944 Ὲεινάσσοι.
