2030 3439
1042 329 1121 365 112

536 451 658 502 αὐτὰρ
692 451 712 489 ὅ
743 448 789 502 γ’,
821 449 925 501 ὄφρα
957 448 1028 500 μὲν
1060 450 1164 505 αὐτῷ
1197 449 1421 501 ἀμύνεσθαι
1453 449 1545 488 ἕσαν
1578 448 1642 497 ἰοὶ,

536 528 661 578 τόφρα
693 527 926 577 μνηστήρων
959 524 1027 564 ἕνα
1060 522 1090 578 γ’
1127 525 1201 564 αἰεὶ
1233 527 1293 580 ,Ρῷ
1327 525 1384 564 ε’νὶ
1414 526 1539 581 ,Ροίκῳ

531 600 663 653 ’βάλλε
694 601 977 651 τιτυσκόμενος·
1011 599 1068 640 τοὶ
1102 598 1136 639 δ’
1176 600 1387 652 ἀγχιστῖνοι
1420 600 1592 640 ἔπιπτον.

360 683 475 719 Haec
508 690 605 727 ergo
638 679 819 726 Ulysses
850 679 1033 717 faciebat
1065 679 1267 725 quamdiu
1301 679 1419 726 ipse
1452 679 1634 726 sagittas
1663 679 1858 717 habebat.

301 760 352 797 Et
384 759 482 805 quid
515 757 675 804 deinde,
707 767 803 793 cum
838 757 1117 803 consumptae
1150 757 1295 793 essent
1331 756 1513 793 omnes?
1557 755 1804 802 Sumpsitne
1837 764 1861 791 a

302 833 560 871 comitibus?
606 832 745 869 Immo
790 841 910 869 vero:
956 841 1102 868 arcum
1146 830 1352 879 deposuit,
1393 831 1561 878 galeam
1594 830 1861 877 clipeumque

302 909 498 956 sumpsit,
544 907 681 944 hastis
724 916 815 944 rem
853 916 998 953 gerere
1033 906 1182 953 coepit.
1217 906 1415 952 Sequitur
1448 915 1545 953 ergo
1579 906 1625 942 ut
1657 904 1760 957 αὐτῷ
1794 905 1862 943 hic

302 984 444 1022 Attico
476 993 595 1020 more
628 982 816 1029 positum
849 981 1043 1018 dicamus
1074 991 1148 1028 pro
1182 981 1298 1028 epico
1331 981 1397 1016 soa
1444 980 1569 1018 Haud
1596 979 1720 1018 dubie
1747 980 1860 1018 idem

301 1060 463 1097 factum
511 1068 574 1095 vs,
623 1058 716 1094 149.
766 1057 997 1094 Narratum
1041 1057 1106 1093 est
1148 1055 1358 1102 quomodo
1402 1066 1523 1093 arma
1565 1065 1589 1093 a
1631 1055 1861 1094 Melanthio

302 1134 412 1171 clam
445 1132 532 1170 sint
563 1132 694 1169 allata
724 1131 875 1179 procis,
911 1131 1130 1178 Sequitur:

424 1208 502 1245 147
538 1205 603 1244 καὶ
634 1204 701 1244 τότἿ
735 1203 951 1255 Ὀδυσσῆος
979 1202 1085 1244 ’λύτο
1117 1206 1290 1256 γούνατα
1321 1203 1387 1243 καὶ
1419 1205 1536 1254 φίλον
1569 1200 1674 1255 ἦτορ,
1713 1250 1719 1253 ⁶

538 1280 589 1328 ὡς
625 1280 980 1333 περιβαλλομένους
1007 1278 1113 1320 'fide
1146 1281 1279 1332 τεύχεα
1312 1281 1418 1331 χερσί
1445 1294 1483 1318 τε
1516 1281 1641 1330 δοῦρα

539 1356 667 1408 μακρὰ
699 1356 962 1403 τινάσσοντας·
997 1354 1093 1408 μέγα
1127 1353 1162 1394 δ’
1200 1356 1334 1410 αὐτῷ
1361 1352 1540 1405 ’φαίνετο
1571 1354 1728 1407 Ἑέργον.
1788 1387 1791 1390 .

366 1509 445 1545 154
474 1518 564 1554 sqq.
594 1507 700 1544 Novi
729 1507 904 1554 periculi
923 1507 1126 1544 admonet
1145 1505 1282 1543 filium
1300 1506 1503 1553 Ulysses;
1524 1506 1594 1544 ille
1612 1506 1860 1553 respondet:

542 1577 570 1619 ὦ
599 1581 730 1632 πάτερ,
757 1580 873 1627 αὐτὸς
901 1579 974 1632 ἐγὼ
1001 1581 1087 1619 τόδε
1115 1577 1143 1632 γ’
1176 1580 1375 1631 «ἤμβροτον
1401 1604 1444 1608 —
1468 1580 1562 1619 οὐδέ
1589 1596 1642 1626 τις
1670 1578 1783 1626 ἄλλος

540 1657 660 1703 αἴτιος
678 1656 805 1706 -,ὅς
837 1656 1035 1706 θαλάμοιο
1068 1657 1202 1707 θύρην
1236 1662 1411 1702 πυκινῶς
1443 1654 1638 1707 ἀραρυῖαν

539 1733 727 1770 κάλλιπον
759 1731 954 1782 ἀγκλίνας·
988 1737 1064 1769 τῶν
1097 1729 1138 1769 δὲ
1171 1730 1316 1777 σκοπὸς
1348 1725 1417 1781 ἦεν
1450 1729 1632 1780 ἀμείνων.

365 1809 469 1857 Quid
499 1809 650 1846 ultima
676 1808 780 1845 haec
808 1806 1083 1855 significant?
1110 1808 1177 1845 An
1205 1807 1266 1845 sic
1293 1808 1379 1845 fere
1408 1807 1704 1854 intelligenda:
1729 1807 1864 1854 „apud

305 1885 572 1922 adversarios
618 1883 699 1921 fuit
751 1883 924 1930 quidam
973 1885 1064 1920 tam
1108 1883 1287 1930 diligens
1331 1882 1573 1930 speculator
1614 1892 1744 1928 quam
1787 1892 1863 1929 ego

303 1960 362 1997 fui
396 1961 616 2007 negligens
649 1961 816 1997 custos:
850 1959 959 2005 quod
993 1959 1107 1996 enim
1142 1969 1217 2006 ego
1256 1958 1544 2005 neglexeram,
1574 1957 1615 1994 id
1642 1957 1712 1995 ille
1741 1958 1864 1996 acute

304 2035 549 2073 observavit
581 2036 623 2072 et
655 2034 697 2071 in
730 2044 858 2072 suum
885 2044 1012 2071 usum
1042 2033 1314 2071 convertit''?
1344 2032 1409 2070 Sic
1438 2034 1585 2070 tamen
1612 2033 1687 2070 vix
1714 2032 1863 2070 abesse

304 2112 470 2158 poterat
497 2109 706 2158 particula
738 2107 824 2159 ἄρα.

368 2260 445 2296 167
481 2269 570 2305 sqq.
614 2259 740 2296 Videt
782 2258 996 2295 Eumaeus
1039 2257 1321 2295 Melanthium
1353 2257 1586 2294 intrantem
1621 2255 1862 2293 cubiculum

304 2336 507 2381 rogatque
539 2333 766 2381 Ulyssem:

539 2406 564 2457 ἢ
598 2422 663 2457 μιν
696 2407 925 2456 ἀποκτείνω,
956 2407 1002 2444 αἴ
1027 2421 1069 2445 κε
1101 2406 1288 2457 κρείσσων
1320 2420 1362 2457 γε
1393 2404 1577 2457 γένωμαι,

544 2480 584 2531 ἠὲ
617 2480 677 2520 σοὶ
710 2478 851 2520 ἐνθάδ’
888 2480 968 2533 ἄγω

364 2558 634 2604 Respondere
667 2558 728 2594 sic
761 2558 907 2605 incipit
940 2558 1143 2604 Ulysses:

540 2627 563 2682 ἧ
597 2648 654 2670 τοι
686 2631 759 2684 ἐγὼ
791 2632 856 2670 καὶ
892 2632 1112 2683 Τηλέμαχος
1145 2637 1368 2682 μνηστῆρας
1401 2628 1576 2683 ἀγαυοὺς

542 2708 733 2758 σχήσομεν
766 2707 952 2746 ἔντοσθεν
984 2708 1163 2758 μεγάρων
1195 2707 1296 2756 μάλα
1328 2721 1398 2757 περ
1431 2712 1644 2756 μεμαῶτας.

366 2784 469 2831 Quid
511 2783 616 2820 haec
649 2783 699 2820 ad
733 2793 782 2820 ea
813 2794 921 2829 quae
953 2785 1127 2830 rogatus
1155 2783 1251 2820 est?
1283 2782 1495 2829 quispiam
1524 2784 1713 2828 quaerat.
1741 2781 1861 2828 Equi-

306 2860 401 2898 dem
444 2858 681 2906 praemissa
718 2859 921 2906 suspicor,
957 2859 1054 2904 quia
1086 2858 1281 2895 iussurus
1314 2859 1380 2895 est
1412 2858 1592 2904 Ulysses
1623 2857 1861 2895 Eumaeum
