2030 3439
803 390 827 427 3

36 527 216 565 quorum
244 525 399 554 manus
427 515 520 553 libri
549 514 599 552 (16
628 516 718 552 arte
746 517 891 551 nostra
919 513 1125 562 venirent,
1147 514 1188 551 in
1208 513 1397 561 ipsorum
1416 524 1593 552 numero

36 603 168 631 unum
204 602 297 631 esse
331 592 645 639 cognoscerent,
682 591 751 637 qui
787 590 985 628 Vestram
1020 590 1275 628 industriam
1308 591 1594 638 Vestrumque

37 679 216 707 acumen
264 667 429 716 publico
472 667 611 714 aliquo
655 667 878 714 praeconio
922 667 1047 713 digna
1090 666 1307 704 iudicaret.
1351 666 1443 704 Non
1486 667 1595 713 quod

37 754 183 782 meum
217 743 323 781 mihi
357 743 560 781 iudicium
597 743 743 789 magni
777 742 991 781 videretur
1023 743 1245 786 momenti,
1281 743 1354 781 sed
1386 743 1498 781 laeta
1527 754 1595 781 me

37 829 135 868 spes
168 819 339 857 tenebat
372 819 460 857 fore
493 820 539 856 ut
571 818 697 856 multi
731 828 753 855 a
786 829 856 856 1116
889 819 1095 857 admoniti
1124 830 1294 857 mecum
1323 820 1435 858 idem
1463 820 1594 858 decla-

38 896 193 933 rarent.
238 894 318 942 Sic,
362 893 433 932 ubi
477 894 626 941 ingens
668 894 793 931 alicui
827 894 978 932 artifici
1011 895 1186 942 plausus
1219 895 1394 944 tollitur,
1429 896 1480 933 ab
1514 906 1596 934 uno

38 972 185 1009 tamen
217 969 265 1008 fit
298 969 482 1008 initium.

96 1045 236 1093 Atque
269 1045 494 1093 sperabam
526 1045 728 1083 utilitatis
761 1046 918 1093 aliquid
948 1047 989 1084 in
1018 1057 1113 1085 11160
1142 1048 1334 1085 futurum
1361 1048 1481 1096 dono,
1512 1058 1596 1086 non

37 1123 129 1160 tam
170 1121 300 1160 Vobis
337 1131 467 1168 quam
500 1121 606 1158 mihi
639 1122 875 1169 ceterisque
907 1123 996 1160 11161·
1026 1123 1187 1161 111οᾶ1111
1220 1123 1457 1171 philologis.
1492 1123 1596 1161 Meis

40 1198 154 1236 enim
201 1197 536 1235 dubitationibus
583 1198 844 1245 proferendis
887 1199 1087 1237 Vestram
1128 1202 1436 1247 provocaturus
1479 1209 1597 1237 eram

39 1274 323 1321 sententiam;
358 1284 539 1321 cumque
567 1285 693 1312 nemo
720 1276 811 1312 tam
840 1275 896 1312 sit
924 1275 1189 1313 verecundus
1216 1276 1317 1322 quin
1344 1286 1598 1323 persuasum

40 1349 120 1388 sibi
167 1349 333 1399 habeat,
382 1351 454 1388 ubi
501 1351 590 1398 ipse
637 1351 811 1388 haereat
859 1351 915 1388 ibi
959 1353 999 1389 et
1043 1351 1148 1389 alios
1189 1352 1256 1388 vel
1299 1351 1490 1390 haesisse
1534 1351 1602 1389 vel

40 1426 246 1465 haesuros
294 1435 400 1475 esse,
450 1437 547 1465 mea
595 1437 759 1474 quoque
807 1438 931 1475 opera
981 1428 1087 1465 effici
1129 1438 1253 1475 posse
1296 1429 1343 1465 ut
1386 1427 1602 1475 Odysseae

40 1501 218 1540 Vestrae
260 1512 371 1540 nova
414 1502 541 1540 editio
586 1525 638 1528 —
683 1502 786 1540 felix
820 1503 934 1540 enim
968 1503 1112 1540 Iliadis
1145 1503 1323 1541 Vestrae
1356 1513 1449 1541 sors
1482 1503 1601 1541 illam

7 1574 206 1625 'quoque
248 1577 494 1625 propediem
537 1580 786 1626 exspectare
829 1578 950 1616 nobis
993 1579 1268 1626 permittebat
1309 1601 1359 1605 —
1394 1579 1603 1617 tironibus

43 1655 156 1691 certe
188 1654 328 1701 magis
361 1653 493 1691 etiam
527 1664 655 1701 quam
689 1664 737 1692 ea
766 1664 894 1701 quam
923 1665 1034 1692 nunc
1062 1655 1260 1692 manibus
1287 1657 1486 1693 tenemus
1513 1664 1601 1702 pro—

44 1728 187 1767 desset
214 1729 472 1767 arbitrabar:
502 1730 580 1768 hos
608 1730 722 1767 6111111
752 1740 849 1767 611111
878 1740 1033 1777 magno
1061 1740 1137 1768 6110
1157 1731 1447 1769 6111011111161110
1466 1730 1601 1777 cogni-

42 1807 162 1844 turos
204 1806 357 1852 quibus
399 1806 665 1853 argumentis
708 1806 822 1844 ducti
865 1806 950 1844 Vos
995 1830 1046 1833 —
1092 1808 1128 1844 si
1171 1807 1295 1845 modo
1338 1808 1378 1845 id
1411 1808 1603 1845 futurum

45 1884 160 1920 esset
196 1903 247 1908 —-
282 1882 326 1919 in
358 1892 502 1920 meam
535 1882 696 1920 iissetis
728 1883 1003 1930 sententiam7
1039 1883 1191 1930 quibus
1224 1894 1293 1921 1116
1326 1883 1604 1921 refellendum

46 1967 140 1996 esse
173 1958 451 1996 statuissetis.

110 2033 341 2081 „Inchoat”
376 2035 522 2071 autem
558 2044 609 2081 „a
640 2043 685 2071 se
719 2034 789 2081 qui
822 2036 935 2071 recte
968 2034 1060 2072 vult
1093 2044 1186 2072 esse
1219 2034 1470 2082 benignus.'’
1504 2035 1606 2072 Mihi

47 2109 128 2157 ipsi
160 2109 336 2147 huiusce
369 2109 467 2147 doni
499 2109 763 2147 uberrimum
796 2109 1100 2157 promittebam
1127 2110 1327 2148 fructum.
1358 2110 1463 2158 Quid
1491 2110 1606 2148 enim

48 2184 121 2232 illi,
168 2184 238 2232 qui
271 2194 349 2222 sua-
381 2186 625 2222 commenta
658 2185 701 2222 in
733 2185 873 2222 lucem
911 2185 1071 2223 emittit
1108 2186 1284 2233 gratius,
1323 2186 1421 2232 quid
1459 2186 1607 2223 utilius

49 2269 178 2307 quam
219 2259 370 2297 statim
402 2259 562 2298 iudices
595 2260 784 2298 nancisci
817 2262 857 2298 et
890 2261 1063 2299 idoneos
1096 2263 1138 2299 et
1170 2262 1358 2309 aequos?
1390 2261 1449 2299 De
1482 2261 1607 2299 rebus

52 2337 197 2374 autem
240 2336 291 2374 ad
334 2335 572 2374 Homerum
613 2336 925 2384 pertinentibus
967 2347 1124 2385 paucos
1166 2339 1257 2374 tam
1299 2337 1471 2375 idoneos
1514 2346 1608 2375 esse

51 2412 212 2450 iudices
254 2422 383 2459 quam
426 2412 512 2450 Vos
555 2413 689 2461 credo,
735 2414 955 2460 aequiores
996 2423 1209 2460 nusquam
1252 2414 1293 2450 in
1336 2415 1481 2451 nostra
1518 2414 1607 2450 arte

52 2487 212 2526 iudices
255 2490 426 2526 exstare
466 2490 580 2527 certo
613 2489 713 2527 6610.
748 2489 940 2527 Profecto
973 2500 1057 2527 non
1089 2490 1117 2527 ii
1149 2489 1234 2527 Vos
1267 2490 1384 2537 estis,
1420 2489 1490 2536 qui
1522 2488 1608 2526 alto

52 2563 276 2611 supercilio
319 2564 458 2602 aliena
499 2564 793 2602 condemnetis
836 2566 1083 2603 conamina:
1118 2576 1200 2603 non
1233 2565 1319 2604 Vos
1350 2563 1609 2603 leviusculos

54 2649 217 2677 errores
265 2639 453 2678 studiose
500 2640 771 2688 protrahitis:
822 2641 889 2678 vel
936 2641 1153 2688 graviores
1200 2641 1370 2679 silentio
1413 2640 1610 2687 obtegere

55 2725 183 2762 quam
226 2716 413 2763 graviter
444 2716 729 2763 perstringere
762 2716 980 2754 mavultis.
1015 2717 1123 2764 Ergo
1156 2717 1257 2754 dum
1291 2727 1360 2754 me
1393 2715 1609 2762 docebitis,

56 2790 185 2828 simul
218 2791 446 2837 quominus
479 2791 657 2838 maligni
689 2791 881 2829 libellum
916 2802 1061 2830 meum
1094 2792 1240 2830 rodere
1274 2792 1341 2829 vel
1375 2792 1611 2838 discerpere

58 2866 223 2913 possint
256 2866 544 2913 prohibebitis.

120 2940 226 2978 Sunt
254 2942 398 2978 autem
432 2942 779 2980 observationum
811 2954 1009 2994 mearum
1043 2944 1145 2981 haec
1178 2944 1264 2981 fere
1297 2955 1464 2991 genera.
1495 2944 1614 2981 Modo
