2030 3439
852 354 897 361 ..a-a

850 366 902 388 ΓΗ)

96 484 223 511 canes
257 473 313 511 illi
348 474 522 511 domum
557 475 742 511 servant.
779 476 819 512 Si
856 486 953 513 vero
987 478 1026 513 vt
1063 476 1274 514 Eumaeus
1308 479 1346 513 et
1382 477 1439 514 illi
1469 483 1649 524 quatuor

96 549 187 587 eius
219 549 404 586 ministri
440 550 610 596 pastum
646 550 848 588 ducentes
881 562 980 588 sues
1013 551 1143 589 etiam
1173 562 1311 600 (fames,
1344 552 1402 589 ita
1430 554 1476 590 ut
1503 553 1646 590 ovium

95 626 301 673 pastores,
365 634 511 662 seeum
574 625 728 663 habere
792 627 1127 675 consuevissent,
1192 638 1274 665 non
1339 629 1519 674 quatuor
1575 629 1646 665 sed

94 700 278 747 quinque
326 699 500 737 canibus
548 709 652 747 opus
699 700 863 739 fuisset.
914 701 1018 749 Quid
1066 702 1175 749 quod
1218 704 1439 750 pastorum
1483 713 1647 750 quoque

95 776 359 814 enumeratio
403 779 478 820 (vs.
525 776 710 820 26—28)
750 778 998 815 recentioris
1041 788 1134 815 esse
1167 779 1316 825 poetae
1349 778 1528 816 videtur.
1563 778 1647 816 Pri-

94 861 228 900 mum,
273 851 312 889 id
355 851 464 898 quod
503 861 579 889 vos
611 861 776 898 quoque
809 852 920 890 male
954 852 1091 900 habet,
1126 853 1393 900 ineptissime
1427 854 1579 891 dieitur
1613 853 1650 891 οἳ

93 923 135 964 δὲ
177 925 225 975 δὴ
267 923 440 964 ἄλλοι...
483 925 524 963 οἵ
561 928 669 976 τρεῖς.
712 926 869 964 Deinde
913 938 1123 974 nusquam
1167 928 1264 965 alibi
1299 929 1440 966 certus
1472 929 1649 967 Eumaei

91 1003 312 1050 pastorum
369 1011 575 1039 numerus
626 1000 890 1048 significatur
937 1003 1249 1046 (tantummodo
1297 1001 1429 1053 ἀνέρες
1476 1001 1651 1054 «ὑφορβοί

92 1077 288 1116 dicuntur
305 1076 373 1115 vel
391 1075 431 1114 οἱ
444 1073 565 1121 ἄλλοι)
579 1087 662 1115 uno
677 1079 853 1124 excepto
867 1077 957 1115 loeo
972 1079 1246 1122 (434—436).
1262 1078 1341 1116 Sed
1355 1078 1495 1116 videte
1508 1079 1649 1117 verbis

1122 1150 1171 1189 ἂν
1203 1150 1244 1190 δὲ
1275 1152 1452 1202 συβώτης

327 1227 454 1266 ἵστατο
487 1228 736 1278 δαιτρεύσων·
769 1226 855 1278 περὶ
886 1226 958 1279 γὰρ
992 1226 1129 1278 φρεσὶν
1161 1225 1275 1278 αἱ’σιμ’
1313 1227 1453 1267 ε’.)ῗείδει

91 1315 220 1352 quam
253 1304 450 1352 languide
483 1306 610 1351 atque
644 1303 786 1352 inepte
819 1304 1018 1342 addatur:

326 1378 391 1417 καὶ
423 1378 468 1417 τὰ
500 1375 570 1429 μὲν
603 1377 746 1429 ἕπταχα
779 1378 905 1416 πάντα
939 1379 1158 1429 διεμοιρᾶτο
1192 1380 1346 1426 δαΐζων·

326 1454 397 1505 τὴν
430 1452 500 1505 μὲν
532 1454 597 1492 ἴαν
632 1455 808 1509 νύμφῃσι
839 1452 904 1492 καὶ
929 1451 1057 1508 τΕρμῇ
1086 1455 1273 1502 ΑΜαιάδος
1306 1451 1361 1494 υἷι

323 1528 467 1582 ’θῆκεν
500 1529 772 1580 ἐπευξάμενος,
803 1528 869 1576 τὰς
902 1526 940 1567 δ’
976 1528 1092 1576 ἄλλας
1119 1527 1241 1581 ’νεῖμε
1272 1531 1459 1587 Ῐεκάστῳ.

155 1608 309 1647 Omnia
341 1608 446 1645 haee
477 1607 648 1655 sapiunt
681 1606 1029 1654 interpolatorem
1062 1607 1290 1656 novicium,
1324 1618 1453 1655 quare
1485 1609 1647 1646 nullam

95 1684 163 1722 hic
204 1683 467 1732 probandam
510 1693 662 1721 censeo
705 1682 1049 1720 emendationem
1091 1692 1174 1729 qua
1214 1693 1288 1730 pro
1323 1678 1450 1736 Ἑρμῇ
1483 1683 1649 1722 sincera

93 1759 231 1798 forma
255 1755 416 1812 Ἑρμείᾳ
449 1758 723 1797 restituatur:
758 1758 850 1806 ipsa
877 1757 950 1795 illa
976 1757 1200 1795 falsarium
1228 1759 1378 1806 arguit.
1408 1758 1472 1796 Ab
1500 1759 1647 1797 eodem

96 1835 240 1873 addita
272 1835 394 1873 credo
428 1835 534 1872 ista:

330 1909 371 1948 οἵ
396 1912 506 1960 τρεῖς·
539 1908 606 1947 τὸν
639 1907 681 1947 δὲ
712 1907 890 1959 τέταρτον
923 1906 1169 1958 ἀποπροέηκε
1201 1907 1359 1946 πόλινδε

331 1990 405 2023 σῦν
437 1983 577 2036 ἀγέμεν
609 1990 848 2034 μνηστῆρσιν
884 1982 1180 2033 ὑπερφίαλοισιν
1212 1981 1376 2037 ἀνάγκη,

331 2056 414 2110 ὄφρ’
451 2060 690 2110 ἱερεύσαντες
722 2059 873 2110 κρεάων
904 2058 1130 2109 κορεσαίατο
1162 2058 1306 2107 θυμόν.

155 2137 410 2186 Supervenit
464 2137 571 2175 alter
619 2136 689 2184 qui
736 2136 786 2174 de
833 2145 987 2173 eanum
1035 2145 1198 2182 quoque
1246 2145 1422 2173 numero
1470 2136 1650 2175 lectores

96 2213 296 2252 certiores
328 2213 500 2261 faceret,
535 2213 609 2250 sed
642 2212 743 2249 dum
776 2211 999 2249 accuratus
1033 2220 1126 2248 esse
1158 2210 1322 2248 studuit
1354 2210 1397 2248 in
1424 2210 1650 2250 ridiculum

95 2288 244 2327 incidit
275 2298 475 2327 errorem.

155 2438 313 2477 Statim
345 2438 538 2486 sequitur
569 2448 632 2476 vs.
668 2438 722 2475 29
756 2446 870 2484 sqq.:

330 2511 515 2564 ἐξαπίνης
548 2509 587 2551 δ’
618 2508 776 2562 Ὀδυσῆ’
813 2510 950 2549 ἒῖῘ-ἰδον
980 2510 1096 2557 κύνες
1127 2509 1385 2562 ὑλακόμωροι.

214 2589 269 2627 30
331 2589 370 2627 οἳ
399 2586 469 2639 μὲν
500 2591 734 2640 κεκληγῶτες
766 2585 997 2637 ἐπέδραμον·
1032 2585 1154 2636 αὐτὰρ
1177 2583 1386 2633 Ὀδυσσεὺς

331 2662 431 2711 ἕζετο
462 2664 695 2718 κερδοσύνῃ,
726 2668 923 2713 σκῆπτρον
956 2660 998 2700 δέ
1027 2663 1096 2700 foc
1127 2660 1260 2700 ἔκπεσε
1290 2661 1425 2712 χειρός.

332 2738 432 2778 ἔνθα
462 2754 504 2778 κε
534 2740 595 2794 fef)
627 2737 706 2790 πὰρ
738 2740 900 2790 σταθμῷ
932 2734 1151 2775 ἀᾸ-ἐικέλιον
1178 2732 1326 2773 ’πάθεν
1357 2733 1482 2786 ἄλγος.

332 2813 427 2853 ἀλλὰ
459 2814 637 2866 συβώτης
671 2808 751 2852 ὦκα
781 2810 874 2851 ποσὶ
903 2814 1127 2862 κραιπνοῖσι
1159 2809 1363 2861 μετασπὼν

333 2887 453 2931 ἔσσυτ’
489 2889 565 2929 ἀνὰ
596 2889 816 2942 πρόθυρον,
847 2892 985 2936 σκῦτος
1018 2885 1059 2925 δέ
1088 2887 1155 2924 foc
1187 2885 1319 2924 ἔκπεσε,
1350 2886 1484 2936 χειρός.
