2030 3439
798 1007 1140 1078 LIBER
1201 1006 1414 1076 XIX.

378 1302 431 1339 <24
465 1312 525 1348 sq.
561 1301 738 1348 Cognito
781 1301 1025 1339 Telemachi
1068 1300 1243 1338 consilio
1277 1301 1326 1338 de
1359 1300 1493 1347 patris
1528 1299 1660 1337 armis
1694 1299 1749 1337 in'
1770 1299 1879 1337 cubi-

321 1378 464 1414 culum
516 1377 824 1415 transferendis
871 1377 1060 1425 primum
1117 1376 1264 1413 laudat
1318 1386 1416 1413 eum
1463 1375 1682 1423 Euryclea,
1731 1375 1881 1413 deinde

321 1455 462 1501 rogat:

528 1524 604 1565 ‹Zm'
640 1525 721 1579 ἄγε,
754 1527 808 1573 τίς
844 1542 900 1565 τοι
934 1526 1063 1565 ἔπειτα
1096 1525 1351 1578 μετερχομένη
1385 1525 1487 1575 φάος
1520 1525 1637 1573 οἴσεις

528 1602 659 1658 δμῳὰς
694 1600 729 1640 δ’
769 1603 840 1641 οὐκ
878 1603 958 1650 εἴας
990 1599 1316 1654 προβλωσκέμειῖ,
1347 1601 1394 1640 αἴ
1417 1616 1484 1639 κεν
1516 1601 1693 1651 ἔφαινον.

381 1681 448 1717 Sic
489 1690 566 1718 vos
608 1680 746 1728 priore
789 1690 917 1718 versu
959 1677 1213 1729 μετερχομένη
1255 1689 1329 1727 pro
1373 1675 1635 1728 μετοιχομένη.
1668 1678 1754 1726 Ego
1787 1689 1884 1716 neu-

321 1758 436 1793 trum
483 1756 687 1804 intelligo.
732 1756 841 1793 Nam
887 1758 918 1792 Z
962 1756 1028 1803 86,
1074 1756 1123 1793 ad
1168 1765 1296 1802 quem
1332 1754 1475 1793 locum
1507 1754 1761 1803 provocatis,
1796 1755 1884 1792 tan-

321 1832 543 1869 tummodo
593 1832 758 1870 eundi
808 1842 940 1869 sensu
986 1831 1176 1879 posItum
1225 1832 1302 1868 est.
1351 1831 1418 1868 An
1464 1831 1610 1868 nostro
1656 1830 1748 1868 loco
1798 1829 1886 1867 fere

320 1908 478 1954 sequi
526 1906 787 1955 significabit
836 1908 878 1944 et
938 1917 1075 1954 pone
1124 1906 1368 1953 aliquem
1416 1906 1532 1944 ire?
1581 1905 1743 1954 Quaero
1788 1916 1885 1953 ergo

321 1983 495 2021 ubinam
542 1983 819 2031 potissimum
866 1983 1029 2020 lumine
1077 1982 1148 2020 1110
1192 1992 1297 2030 opus
1339 1982 1407 2020 011.
1453 1982 1546 2020 Non
1579 1980 1618 2018 ἐν
1651 1987 1701 2034 τῷ
1734 1979 1887 2034 μεγάρῳ

322 2060 429 2106 quod
463 2059 626 2096 facibus
670 2059 921 2107 illustratur,
966 2059 1039 2096 sed
1082 2058 1270 2106 primum
1318 2058 1361 2095 in
1404 2058 1608 2105 cubiculo,
1653 2057 1723 2094 ubi
1767 2067 1888 2095 arma

321 2136 420 2172 0001
469 2135 726 2182 deponenda,
772 2135 921 2171 deinde
964 2134 1005 2171 in
1049 2134 1115 2171 via
1162 2144 1268 2181 quae
1310 2133 1421 2171 inter
1458 2133 1537 2171 hoc
1570 2134 1612 2170 et
1644 2131 1685 2170 τὸ
1719 2130 1888 2183 μέγαρον

325 2212 401 2247 est.
436 2210 543 2257 Ergo
577 2210 857 2257 praeferri
889 2210 1037 2247 lumen
1071 2210 1249 2258 oportet,
1285 2209 1394 2256 quod
1438 2209 1480 2246 et
1511 2218 1615 2246 mox
1652 2208 1889 2246 Minervam

324 2285 461 2323 facere
494 2285 700 2333 legimus:

1016 2359 1185 2410 πάροιθε
1220 2356 1261 2396 δὲ
1295 2357 1452 2403 Παλλὰς
1486 2357 1634 2407 Ἀθήνη

557 2436 722 2485 χρύσεον
754 2436 898 2486 λύχνον
933 2434 1074 2486 ἔχουσα
1107 2434 1209 2483 φάος
1243 2431 1467 2485 περικαλλὲς
1501 2432 1631 2471 ἐποίει.

385 2588 436 2624 31
473 2598 533 2634 eq.
585 2587 828 2635 Respondet
870 2587 1153 2625 Telemachus
1195 2586 1376 2634 hospitis
1419 2585 1521 2623 illud
1565 2596 1660 2623 0000
1698 2585 1888 2623 ministe-

323 2663 457 2708 rium;
503 2673 583 2708 quo
627 2662 770 2700 000110
813 2662 1019 2709 Euryclea
1061 2662 1147 2699 abit
1193 2662 1246 2710 et,
1292 2662 1339 2698 01
1372 2661 1490 2698 10000
1523 2662 1600 2708 001,
1637 2661 1814 2698 ancillas
1847 2660 1891 2697 in

323 2749 399 2775 000
434 2738 513 2775 sibi
548 2738 739 2775 conclavi
772 2737 996 2775 concludit.
1034 2738 1253 2785 Sequitur:

559 2810 609 2849 τὼ
643 2808 679 2849 δ’
717 2808 771 2862 ἄρ’
808 2809 1006 2858 ἀναΐξαντ’
1041 2808 1227 2857 Ὀὂυσὲυς
1260 2809 1325 2849 καὶ
1357 2810 1546 2860 φαίδιμος
1579 2810 1664 2857 υἱὸς

562 2886 751 2937 ἐσφόρεον
785 2887 960 2937 κόρυθάς
994 2902 1029 2924 τε
1065 2886 1127 2924 καὶ
1162 2886 1330 2933 ἀσπίδας
1364 2883 1646 2935 ὀμφαλοέσσας.
