2030 3439
1071 348 1152 386 116

1159 471 1255 511 ἀλλά
1286 471 1351 511 καὶ
1383 470 1524 519 ἄλλους

651 547 867 588 ’παύεσκον
902 553 1136 600 μνηστῆρας,

389 628 539 664 Risum
588 626 702 664 enim
744 626 891 663 movet
931 625 996 662 vir
1029 625 1099 672 qui
1131 634 1280 672 procos
1314 635 1411 663 cum
1449 625 1615 663 ancillis
1647 626 1887 664 concubitu-

328 713 397 741 ros
440 703 559 750 gravi
603 702 793 739 oratione
831 712 883 739 ne
917 700 1020 738 illud
1052 700 1213 738 faciant
1245 701 1494 739 obtestetur.
1529 701 1673 748 Neque
1706 711 1887 749 usquam

329 780 419 816 tota
467 778 659 825 Odyssea
707 776 934 824 quisquam
977 776 1018 814 id
1060 776 1222 814 faciens
1256 777 1481 814 inducitur.
1518 777 1598 814 Sed
1630 777 1814 815 fortasse
1845 778 1888 815 in

327 868 412 891 τινα
446 855 488 891 et
519 858 718 903 γυναικῶν
746 853 841 890 vitii
868 853 975 890 latet
1002 852 1172 900 aliquid,
1207 862 1308 890 nam
1338 854 1478 891 cetera
1510 854 1611 891 sunt
1638 853 1886 901 aptissima:

332 939 576 976 „nunquam
610 928 842 975 quidquam
875 928 990 966 domi
1016 929 1116 965 tuae
1145 928 1452 966 contumeliose
1479 928 1559 967 feci
1578 929 1763 977 dixive’',
1783 929 1888 966 haec

328 1015 422 1042 esse
463 1004 571 1042 solet
613 1004 747 1041 oratio
781 1003 968 1041 hominis
1007 1003 1077 1050 qui
1110 1004 1157 1040 ut
1190 1003 1269 1041 sibi
1304 1004 1375 1041 uni
1408 1005 1606 1051 parcatur
1638 1006 1742 1042 orat.
1778 1004 1888 1042 Nam

328 1090 476 1117 verum
510 1079 681 1127 quidem
715 1081 780 1117 est
812 1079 988 1116 huiusce
1022 1079 1103 1116 loci
1134 1080 1306 1126 poetam
1339 1079 1447 1116 satis
1479 1079 1697 1126 pueriliter
1724 1089 1888 1127 pannos

325 1156 466 1203 epicos
514 1155 758 1203 collegisse:
807 1155 903 1192 vide
953 1155 1079 1192 modo
1121 1154 1234 1192 istud
1283 1153 1360 1199 ὅτις
1404 1155 1563 1192 τοιαῦτά
1595 1169 1636 1205 γε
1669 1153 1769 1204 ῥέζοι
1803 1154 1887 1199 (ubi

329 1231 393 1268 vel
443 1241 526 1268 una
573 1230 782 1278 particula
829 1244 882 1280 γε,
930 1230 995 1268 cui
1043 1230 1185 1267 nullus
1232 1230 1301 1267 hic
1342 1230 1473 1278 locus,
1519 1231 1726 1278 ineptum-
1748 1231 1888 1278 prodit

328 1307 628 1353 imitatorem›;
664 1307 739 1344 vix
770 1308 917 1344 tamen
950 1316 1210 1353 quemquam
1243 1305 1463 1343 hominem
1497 1306 1683 1353 cogitare
1709 1316 1886 1354 possum

329 1384 419 1420 tam
461 1392 724 1430 perversum,
769 1382 840 1429 qui
883 1392 981 1419 cum
1018 1381 1156 1419 multa
1188 1391 1342 1428 ponere
1374 1382 1521 1428 posset
1552 1381 1765 1428 loquentis
1797 1392 1884 1429 per-

328 1468 456 1495 sonae
505 1458 814 1506 convenientia,
863 1467 997 1495 unum
1046 1457 1125 1494 hoc
1167 1456 1343 1504 elegerit
1385 1456 1495 1503 quod
1536 1458 1626 1494 tam
1671 1459 1786 1495 esset
1827 1457 1883 1495 in-

327 1533 506 1571 sulsum.

385 1686 468 1722 378
502 1695 592 1732 sqq.
636 1685 732 1723 Filii
774 1685 968 1733 precibus
1005 1687 1150 1723 motus
1182 1685 1363 1732 Ulysses
1395 1685 1549 1723 blanda
1581 1686 1771 1724 oratione
1804 1687 1883 1725 Me-

326 1760 501 1798 dontem
533 1761 724 1798 fetialem
758 1762 1052 1798 accurrentem
1085 1763 1355 1807 mortemque
1383 1761 1683 1809 deprecantem
1712 1762 1882 1811 excipit,

326 1837 491 1873 metum
526 1836 563 1873 ei
597 1836 730 1873 demit
762 1839 804 1873 et
836 1837 927 1874 tam
960 1836 1081 1873 illum
1115 1846 1244 1882 quam
1278 1837 1498 1874 cantorem
1538 1837 1778 1885 Phemium,
1814 1837 1884 1884 qui

326 1911 450 1948 modo
496 1911 649 1949 iisdem
697 1911 891 1959 precibus
932 1922 1037 1949 usus
1080 1913 1182 1958 erat,
1228 1911 1488 1949 incolumem
1527 1912 1615 1950 fore
1648 1915 1881 1952 asseverat.

326 1987 434 2024 Tum
482 1988 712 2034 utrumque
759 1997 780 2024 e
828 1987 1019 2024 conclavi
1061 1988 1188 2034 atque
1232 1997 1253 2024 e
1297 1987 1423 2025 caede
1456 1987 1572 2025 exire
1606 1988 1721 2026 iubet
1753 1998 1882 2035 seque

328 2062 429 2099 foris
462 2062 660 2100 sedentes
694 2064 955 2110 exspectare.
991 2062 1211 2109 Sequitur:

532 2132 583 2183 ὧς
611 2134 742 2187 ’φάτο,
772 2136 823 2176 τὼ
857 2133 896 2175 δ’
932 2136 1004 2184 ἔξω
1033 2133 1174 2188 ’βήτην
1207 2136 1390 2188 μεγάροιο
1422 2136 1560 2175 κιόντε·

532 2210 696 2262 ἑζέσθην
729 2209 764 2250 δ’
801 2210 876 2263 ἄρα
908 2212 959 2250 τώ
992 2226 1034 2264 γε
1067 2211 1162 2258 Διὸς
1195 2212 1363 2263 μεγάλου
1395 2211 1483 2250 ποτὶ
1516 2211 1663 2262 βωμὸν,

531 2288 699 2326 πάντοσε
731 2287 1008 2337 παπταίνοντε,
1040 2287 1168 2336 φόνον
1200 2285 1462 2339 ποτιδεγμένω
1495 2287 1580 2325 αἰεί.

385 2364 548 2411 Ergone
591 2374 642 2401 ne
690 2374 801 2401 nunc
844 2364 1015 2411 quidem
1048 2364 1109 2401 illi
1141 2374 1187 2402 se
1224 2364 1410 2411 periculo
1443 2366 1668 2411 exemptos
1700 2366 1885 2412 putant?

327 2439 457 2476 Aiunt
505 2439 584 2476 viri
633 2439 744 2476 docti
792 2439 995 2486 Ulyssem
1044 2439 1112 2477 hic
1158 2441 1382 2486 tamquam
1431 2439 1656 2476 barbarum
1704 2449 1884 2477 saevum

327 2514 622 2560 crudelemque
669 2514 849 2561 depingi,
900 2524 1035 2560 neque
1078 2524 1154 2561 ego
1201 2513 1381 2561 infitior;
1417 2515 1490 2552 sed
1525 2515 1567 2551 in
1602 2515 1693 2562 ipso
1726 2514 1885 2562 proelio

326 2592 452 2636 atque
495 2590 620 2627 caede
662 2590 794 2626 talem
837 2600 882 2627 se
915 2590 1035 2636 gerit.
1071 2590 1174 2627 Post
1204 2590 1413 2636 praelium
1447 2600 1545 2627 eum
1580 2601 1625 2627 se
1659 2600 1882 2628 conversu-

326 2675 421 2701 rum
460 2665 510 2702 ad
544 2664 738 2702 imbelles
771 2665 994 2712 supplices,
1031 2675 1135 2711 quos
1174 2665 1299 2702 modo
1333 2665 1532 2703 timorem
1566 2676 1720 2713 ponere
1754 2665 1883 2702 iusse-

327 2740 392 2787 rit,
443 2741 570 2786 atque
613 2740 707 2776 illos
750 2740 1061 2777 trucidaturum
1106 2740 1179 2776 vix
1222 2740 1446 2786 quisquam
1492 2742 1724 2788 exspectet.
1766 2740 1817 2778 Et
1849 2740 1886 2777 si

324 2818 470 2853 tamen
518 2815 730 2862 supplices
774 2815 814 2852 id
858 2815 1125 2862 verebantur,
1171 2815 1297 2852 anxie
1340 2815 1434 2852 illos
1468 2815 1658 2853 conclavi
1692 2815 1880 2853 intentos

326 2891 526 2928 habuisse
560 2890 703 2928 oculos
738 2892 1071 2928 consentaneum
1107 2893 1183 2929 est.
1219 2900 1316 2927 cum
1349 2900 1518 2937 semper
1550 2891 1646 2928 inde
1679 2891 1880 2938 prodeun-
