2030 3439
1066 342 1119 380 72

578 463 607 506 ὦ
639 467 770 517 πάτερ,
801 460 824 516 ἦ
857 480 914 503 τοι
946 468 1025 503 σεῖο
1055 463 1149 515 μέγα
1182 462 1291 510 κλέος
1325 461 1408 501 αἰὲν
1441 462 1603 513 ἄκουον,

575 541 701 593 χεῖράς
733 538 765 579 τ’
801 539 991 591 αἰχμητὴν
1023 538 1156 589 ἔμεναι
1186 537 1252 576 καὶ
1285 537 1480 589 ἐπίφρονα
1514 538 1674 589 βουλήν·

575 616 671 655 ἀλλὰ
701 617 789 667 λίην
822 613 902 667 μέγ’
941 614 1103 661 ἔῐειπες·
1136 612 1211 666 ἄγη
1245 611 1277 664 μ’
1315 614 1398 665 ἔχει·
1427 612 1521 652 οὐδέ
1552 628 1618 652 κεν
1647 613 1706 665 εἴη

576 691 693 741 ἄνδρε
726 693 807 731 δύω
838 694 1014 730 πολλοῖσι
1044 689 1110 728 καὶ
1141 689 1344 740 ἰφθίμοισι
1375 690 1578 741 μάχεσθαι.

371 770 418 807 In
461 770 598 817 procis
642 770 718 817 est,
764 769 921 816 opinor,
966 766 1212 805 dubitabilis
1254 767 1404 815 virtus,
1449 767 1657 814 paucique
1699 767 1871 804 tantum

314 855 460 882 eorum
502 855 651 882 revera
691 845 823 882 fortes
865 844 945 881 dici
982 844 1175 891 possunt.
1212 842 1347 890 Quare
1381 842 1612 880 Videndum
1645 852 1785 880 annon
1816 842 1870 880 le-

315 921 500 968 gendum
532 921 611 958 sit:

579 993 697 1045 ἐὶνδρε
730 994 811 1033 δύω
843 996 1018 1032 πολλοῖσι
1052 991 1118 1030 καὶ
1154 992 1309 1041 ἰφθίμω
1342 990 1587 1042 μαχέσασθαι

319 1082 428 1119 „non
470 1072 650 1119 possunt
692 1071 786 1119 duo,
832 1070 1004 1109 etiamsi
1045 1069 1178 1107 fortes
1220 1070 1332 1113 sunt,
1368 1079 1466 1106 cum
1496 1079 1656 1116 magna
1686 1079 1875 1117 pugnare

315 1147 631 1184 multitudine.’'

378 1304 460 1342 245
494 1313 583 1350 sqq.
619 1304 839 1350 Sequitur:

524 1378 757 1428 μνηστήρων
790 1375 824 1416 δ’
862 1375 942 1416 οὔτ’
981 1375 1029 1428 ἂρ
1063 1376 1176 1423 δεκὰς
1209 1374 1361 1428 ἀτρεκὲς
1395 1374 1483 1415 οὔτε
1518 1373 1579 1415 δύ’
1618 1372 1710 1421 οἶαι,

524 1452 619 1492 ἀλλὰ
650 1454 750 1493 πολὺ
781 1452 940 1500 πλέονες
972 1477 1027 1480 —-
1059 1453 1154 1504 τάχα
1184 1453 1334 1491 ,Ρείσεαι
1367 1449 1506 1491 ἐνθάδ’
1542 1451 1728 1504 ἀριθμόν,
1765 1476 1814 1478 —

380 1531 459 1568 247
525 1528 565 1568 ἐκ
597 1528 666 1579 μὲν
699 1529 921 1580 Δουλιχίοιο
950 1529 1032 1568 δύω
1065 1527 1130 1566 καὶ
1161 1528 1403 1579 πεντήκοντα

523 1611 659 1656 κοῦροι
691 1604 921 1656 κεκριμένοι,
950 1602 1020 1651 Ῐὲξ
1054 1602 1096 1642 δὲ
1129 1605 1340 1654 δρηστῆρες
1372 1602 1541 1642 ἕπονται·

525 1679 566 1719 ἐκ
598 1679 639 1719 δὲ
671 1681 811 1731 Σάμης
842 1681 1002 1732 πίσυρες
1034 1679 1098 1718 καὶ
1133 1679 1303 1718 εἶῗείκοσι
1335 1686 1458 1729 φῶτες
1492 1679 1589 1730 ἔασι,

380 1758 463 1795 250
526 1755 566 1795 ἐκ
599 1754 640 1794 δὲ
674 1757 891 1795 Ζακύνθου
924 1756 1033 1794 ἔασιν
1065 1755 1233 1795 ε’.)ῑείκοσι
1266 1761 1403 1806 κοῦροι
1436 1758 1609 1806 Ἀχαιῶν,

527 1831 567 1870 ἐκ
600 1829 633 1870 δ’
671 1832 791 1882 αὐτῆς
818 1829 981 1882 Ἰθάκης
1014 1832 1086 1870 δύο
1118 1830 1183 1870 καὶ
1217 1830 1309 1870 δέκα
1341 1831 1482 1877 πάντες
1515 1829 1675 1882 ἄριστοι.

525 1907 594 1945 καί
624 1919 719 1956 σφιν
751 1905 818 1957 ἅμ’
857 1906 933 1945 ἐστὶ
966 1906 1117 1946 Μέδων
1147 1907 1270 1958 κήρυξ
1304 1906 1368 1945 καὶ
1400 1910 1509 1953 θεῖος
1542 1905 1677 1953 ἀοιδὸς

525 1981 590 2020 καὶ
623 1982 716 2021 δοιὼ
748 1983 967 2032 θεράποντε
1001 1983 1174 2033 δαήμονε
1208 1982 1515 2032 δαιτροσυνάων.

382 2059 563 2097 Omnino
604 2060 733 2107 probo
776 2060 884 2107 quod
928 2070 1078 2097 versus
1121 2060 1350 2097 247-251
1386 2059 1614 2108 damnatis,
1650 2058 1880 2096 dummodo

322 2145 384 2172 vs.
415 2135 497 2172 246
526 2145 599 2182 pro
628 2131 766 2172 ἐνθάδ’
798 2135 1013 2182 recipiatis
1042 2135 1166 2182 (quod
1193 2135 1314 2172 vobis
1343 2145 1507 2182 quoque
1530 2145 1680 2172 verum
1698 2134 1880 2178 videtur)

323 2208 460 2254 αὐτόμ
488 2210 643 2257 alioqui
672 2212 933 2248 contrarium
961 2212 1114 2249 dicitur
1142 2211 1233 2249 eius
1261 2211 1371 2258 quod
1393 2211 1462 2248 hic
1478 2211 1728 2258 requiritur:
1752 2219 1882 2258 „mox

322 2285 411 2331 ipse
455 2295 601 2323 eorum
638 2296 867 2324 numerum
898 2287 1020 2334 scies,
1055 2296 1298 2334 cognosces,
1332 2286 1537 2334 videbis‚”
1563 2281 1587 2323 ’δ
1620 2295 1705 2323 non
1737 2282 1882 2321 ἐνθάδε

326 2371 474 2397 verum
512 2364 618 2398 κεῖθι
659 2363 701 2399 in
734 2363 820 2400 tuis
852 2362 1048 2400 aedibus:
1083 2363 1120 2399 si
1153 2362 1266 2399 enim
1301 2360 1446 2398 ἐνθάδε
1477 2362 1705 2408 cognoscet
1735 2370 1880 2398 nume-

324 2447 419 2473 rum
466 2437 646 2484 Ulysses
689 2447 743 2474 ex
784 2436 861 2475 filii
898 2437 1219 2475 enumeratione
1253 2437 1571 2484 cognoscendus
1604 2436 1642 2474 ei
1669 2437 1747 2474 est.
1777 2435 1880 2483 Qua-

323 2514 493 2559 propter
535 2512 673 2559 ipsam
711 2512 829 2550 illam
862 2513 1065 2550 vitiosam
1097 2513 1327 2550 lectionem
1359 2510 1503 2549 ἐνθάδε
1535 2512 1668 2549 totius
1700 2512 1880 2558 interpo-

323 2587 495 2625 lationis
537 2597 689 2625 ansam
721 2587 887 2625 dedisse
920 2588 1124 2635 suspicor.
1159 2587 1210 2625 Et
1242 2587 1435 2635 ineptum
1468 2588 1533 2625 est
1566 2597 1664 2624 cum
1697 2585 1879 2624 dixeris:

327 2672 455 2710 „mox
488 2663 706 2709 cognitum
734 2663 909 2699 habebis
935 2663 1192 2700 numerum''
1222 2662 1371 2700 statim
1399 2662 1607 2699 subiicere
1635 2661 1880 2699 accuratam

323 2737 628 2774 recensionem.
659 2737 738 2774 Sed
766 2747 877 2774 nunc
903 2737 1040 2774 multo
1067 2737 1208 2784 magis
1235 2747 1340 2784 opus
1368 2738 1434 2774 est
1459 2738 1507 2774 ut
1534 2747 1686 2774 versus
1715 2736 1797 2774 252
1816 2745 1878 2782 sq.

365 2901 384 2930 ¹)
404 2897 486 2925 Vide
506 2904 588 2931 quae
608 2898 645 2924 de
665 2897 764 2925 huius
785 2896 875 2924 verbi
897 2896 1138 2931 significatione
1159 2897 1304 2924 diximus
1323 2896 1364 2924 ad
1384 2897 1416 2924 L.
1436 2896 1480 2924 VI
1500 2904 1548 2925 vs.
1566 2897 1627 2924 257.
