2030 3439
885 359 961 396 127

408 479 455 520 οὐ
487 481 558 530 μέν
589 477 620 518 κ’
655 479 750 531 ἄλλη
782 478 811 533 γ’
833 476 908 520 ὧδε
940 480 1041 533 γυνὴ
1072 481 1239 532 τετληότι
1269 485 1387 535 θυμῷ

407 554 552 607 ἀνδρὸς
584 555 786 607 ἀφεσταίη,
818 557 859 603 ὅς
889 558 957 595 for
989 556 1090 595 κακὰ
1122 557 1244 596 πολλὰ
1276 558 1449 610 μογήσας

407 631 517 670 ἔλθοι
550 631 756 686 §famant
788 631 895 671 fs'te't'
924 632 961 680 ἐς
993 634 1161 684 πατρίδα
1193 637 1320 686 γαῖαν.

202 708 261 746 Ut
301 708 456 747 melius
499 708 603 746 haec
645 708 901 747 cohaereant
942 720 1015 757 pro
1049 709 1094 747 οὐ
1128 708 1197 759 μέν
1231 714 1306 754 (vs.
1346 711 1439 755 168)
1473 711 1698 758 legendum

143 785 209 822 est
241 782 288 822 οὐ
320 783 403 835 γάρ.

206 932 286 970 174
319 932 498 971 Lectum
531 933 610 970 sibi
643 933 777 971 sterni
810 935 1034 981 tamquam
1068 934 1153 972 iam
1188 935 1378 972 cubitum
1413 935 1534 984 ituro,
1570 946 1698 983 quan-

145 1008 370 1056 doquidem
403 1008 454 1046 ab
487 1019 620 1046 uxore
652 1019 736 1047 non
770 1011 1037 1058 agnoscatur,
1074 1009 1253 1056 Ulysses
1286 1010 1412 1048 iubet.
1449 1011 1529 1048 Hic
1563 1011 1656 1049 illa:

412 1079 608 1133 δαιμόνι’,
639 1080 714 1121 oili
751 1081 799 1133 ἄρ
833 1098 867 1121 τι
899 1083 1149 1134 μεγαλίζομαι
1183 1080 1260 1122 οὔτ’
1296 1083 1463 1135 ἀθερίζω

144 1159 184 1197 h.
233 1169 267 1197 e.
315 1160 364 1198 ut
409 1158 578 1207 opinor:
626 1159 761 1207 „quod
804 1159 866 1197 sic
908 1170 985 1207 ago
1029 1170 1111 1197 non
1155 1159 1202 1197 fit
1244 1161 1439 1208 superbia
1474 1172 1608 1209 neque
1641 1163 1701 1200 tui

145 1235 436 1283 contemptu.'’
495 1235 575 1273 Sed
623 1235 815 1282 sequitur
861 1246 923 1273 vs.
978 1237 1081 1273 175:
1132 1234 1220 1274 οὔτε
1266 1235 1353 1286 λίην
1401 1234 1547 1287 ἄγαμαι
1594 1238 1703 1285 quod

145 1311 355 1358 quomodo
389 1312 431 1348 et
462 1321 543 1358 quo
576 1320 705 1348 sensu
739 1313 992 1349 annectatur
1023 1312 1372 1359 praecedentibus
1400 1313 1606 1360 pervelim
1635 1323 1703 1350 mc

145 1386 346 1424 doceatis.
375 1387 442 1424 An
469 1383 643 1437 ἄγασθαι
671 1386 762 1424 eius
791 1388 857 1424 est
884 1387 954 1434 qui
982 1387 1056 1424 vix
1084 1388 1216 1426 oculis
1245 1388 1334 1425 suis
1362 1386 1488 1425 fidem
1518 1388 1704 1425 lrabeat?

208 1535 288 1573 175
322 1545 412 1583 sqq.
447 1535 556 1574 Tum
589 1535 650 1573 sic
682 1536 842 1584 pergit:

678 1611 780 1661 μάλα
811 1605 897 1649 δἐὗ
928 1608 1056 1660 ,Ροῖὸ’,
1087 1607 1168 1658 οἷος
1200 1610 1326 1662 ἔησθα

324 1683 361 1733 ἕξ
388 1682 550 1737 Ἰθάκης
583 1684 646 1725 ἐπὶ
677 1686 772 1737 νηὸς
805 1685 875 1725 ἰὼν
913 1685 1212 1738 δολιχηρέτμοιο.

322 1757 399 1800 ἀλλ’
434 1759 502 1814 ἄγε
533 1762 601 1800 foc
634 1761 815 1813 στόρεσον
846 1761 1015 1801 πυκινὸν
1047 1760 1166 1813 λέχος,
1199 1760 1454 1813 Εὐρυκλέεια,

325 1835 432 1884 ε’ντὸς
465 1835 676 1884 ἐυσταθέος
708 1838 906 1888 θαλάμου,
937 1837 1004 1877 τόν
1036 1834 1070 1889 ῥ’
1094 1837 1210 1884 αὐτὸς
1243 1837 1373 1877 ἐποίει·

325 1911 426 1951 ἔνθα
456 1914 525 1952 foa
557 1912 733 1952 ἕνθεΐσαι
763 1913 933 1952 πυκινὸν
965 1912 1071 1964 λέχος
1104 1910 1271 1965 ἐμβάλετ’
1308 1913 1439 1963 εὐνήν.

207 1989 271 2026 Ad
303 1989 506 2027 ultimum
534 2000 709 2028 versum
737 1991 976 2028 annotatis:
1006 1988 1205 2037 ,ἐνθήσω
1223 2000 1312 2038 nos,
1334 1988 1506 2027 ἐκθεῖσαι
1526 1989 1702 2027 codices

149 2064 198 2101 In
254 2065 430 2112 vulgata
487 2066 668 2104 absurde
725 2066 932 2114 Penelope
985 2068 1145 2104 extra
1193 2065 1501 2103 thalamum
1549 2065 1705 2112 hospiti

150 2139 310 2177 lectum
373 2142 538 2178 struere
595 2141 711 2179 iubet
758 2141 957 2187 ancillas3
1007 2151 1089 2178 non
1138 2141 1252 2178 enim
1299 2141 1384 2178 iam
1433 2142 1561 2187 negat
1608 2150 1704 2177 eum

150 2215 356 2253 maritum
390 2226 517 2254 suum
551 2227 644 2255 esse
674 2215 814 2266 (ἔησθα
842 2227 903 2254 vs.
938 2217 1045 2264 175),
1077 2216 1226 2254 callido
1254 2226 1354 2253 vero
1383 2215 1558 2253 consilio
1586 2213 1707 2262 fingit

150 2291 293 2328 torum
328 2301 411 2329 non
439 2292 623 2339 amplius
652 2292 905 2330 collocatum
935 2302 1028 2329 esse
1058 2292 1097 2329 in
1127 2291 1360 2329 cubiculo.”
1392 2290 1507 2338 Quod
1536 2291 1586 2328 ad
1615 2301 1705 2328 rem

151 2366 391 2404 rectissime
423 2367 851 2415 prudentissimeque,
886 2368 958 2405 sed
992 2369 1040 2405 ut
1071 2367 1280 2405 Graecum
1313 2367 1370 2404 sit
1401 2365 1500 2404 ἔνθα
1534 2364 1707 2403 ἐνθεῖσαι

152 2451 322 2488 vereor;
357 2443 469 2480 certe
502 2442 779 2480 Homericum
813 2453 895 2480 non
924 2443 1103 2480 videtur.
1134 2442 1394 2490 Quapropter
1422 2441 1594 2479 malim:
1623 2437 1703 2479 ἔνθ’

152 2513 227 2567 ἄρα
254 2517 323 2555 fot
349 2520 491 2555 θεῖσαι.
521 2518 588 2556 Sic
615 2518 743 2555 simul
762 2518 922 2556 vitatur
939 2518 1091 2555 durum
1112 2518 1223 2555 istud
1242 2515 1500 2555 ἐνθεῖσαι....
1519 2513 1706 2567 ἐμβάλετ’.

219 2667 298 2705 183
332 2667 519 2705 Vixdum
552 2668 657 2705 haec
689 2667 852 2705 audivit
884 2667 1063 2714 Ulysses
1096 2677 1192 2704 cum
1227 2667 1464 2704 exclamat:

390 2737 420 2780 ὦ
452 2743 582 2794 γύναι,
612 2737 636 2792 ἦ
669 2742 770 2792 μάλα
801 2747 913 2780 τοῦτο
945 2739 1068 2787 ,Ρέπος
1100 2739 1298 2792 θυμαλγὲς
1331 2740 1482 2787 {minag

157 2817 377 2864 additque:

599 2892 656 2939 τίς
688 2891 730 2930 δέ
761 2906 826 2942 μοι
859 2887 987 2929 ἄλλοσ’
1024 2890 1144 2941 ἔθηκε
1176 2890 1306 2942 λέχος;
