2030 3439
835 897 1171 969 LIBER
1232 898 1404 969 XX.

412 1213 463 1251 14
492 1223 553 1260 sq.
618 1209 669 1258 ὡς
703 1208 744 1249 δὲ
774 1211 883 1250 κύων
915 1209 1085 1265 ἀμαλῇσι
1117 1208 1205 1262 περὶ
1236 1209 1467 1249 σκυλάκεσσι
1499 1210 1644 1262 βιβᾶσα

614 1284 720 1337 ἄνδρ’
757 1283 982 1338 ἀγνοιήσασ’
1020 1286 1127 1325 ὑλάει
1175 1284 1342 1337 μέμονέν
1373 1301 1410 1324 τε
1444 1286 1647 1336 μάχεσθαι.

409 1364 547 1402 Sicine
590 1364 671 1401 dici
713 1365 853 1411 potest
891 1359 997 1412 ἄνδρ’
1034 1361 1276 1413 ἀγυοιήσασα
1313 1363 1393 1401 hoc
1424 1373 1577 1400 sensu:
1615 1362 1786 1410 „ignoto
1818 1362 1909 1400 viro

350 1440 636 1487 conspect0”?
686 1438 792 1487 Quid
840 1449 937 1486 ergo
986 1439 1072 1476 iam
1114 1449 1198 1476 non
1239 1439 1371 1476 licet?
1412 1438 1464 1476 Et
1496 1448 1626 1485 quam
1659 1438 1812 1476 durum
1845 1439 1912 1476 est

351 1526 563 1563 quamque
597 1516 770 1553 auribus
803 1515 1021 1563 ingratum
1053 1514 1168 1552 istud
1199 1514 1415 1565 βιβᾶσα...
1448 1509 1555 1563 ἄνδρ’
1597 1511 1852 1565 ἀγνοιήσασα.

411 1667 464 1705 52
498 1678 559 1714 sq.
608 1666 720 1704 Dum
769 1666 811 1703 in
859 1666 969 1704 lecto
1018 1666 1128 1704 iacet
1174 1666 1355 1713 Ulysses
1403 1675 1481 1704 nec
1522 1676 1723 1704 somnum
1762 1675 1912 1713 capere

350 1744 502 1791 potest,
537 1743 680 1780 adstat
712 1742 750 1780 ei
783 1742 974 1780 Mmerva
1005 1752 1135 1789 Seque
1168 1742 1205 1780 ei
1238 1741 1282 1780 in
1314 1741 1472 1790 proelio
1501 1752 1599 1779 cum
1627 1742 1767 1790 procis
1795 1741 1909 1779 adfu-

351 1819 493 1855 turam
528 1816 764 1856 confirmat.
800 1817 909 1855 Tum
943 1818 1081 1855 addit:

587 1889 664 1931 ἀλλ’
699 1891 810 1931 ἑλέτω
844 1904 885 1931 σε
917 1892 983 1931 καὶ
1014 1893 1151 1940 ὕπνος·
1185 1891 1278 1944 ἀνίη
1310 1891 1376 1932 καὶ
1405 1892 1448 1932 τὸ
1487 1892 1703 1942 φυλάσσειν

585 1969 788 2019 πάννυχον
821 1968 1072 2021 ἐγρήσσοντα,
1102 1975 1234 2008 κακῶν
1267 1966 1302 2008 δ’
1339 1968 1558 2008 ὑποδύσεαι
1589 1967 1679 2020 ἤδη.

411 2045 661 2083 Annotatis:
710 2043 953 2094 „finoducem
996 2056 1259 2095 emergeS‚
1309 2046 1588 2084 subduces
1630 2046 1724 2084 te.”
1767 2046 1912 2093 Neque

352 2119 459 2157 hanc
493 2121 579 2158 fere
612 2121 738 2158 huius
771 2131 865 2159 esse
898 2121 1015 2159 verbi
1042 2121 1133 2159 Vim
1165 2120 1335 2159 infitior.
1376 2121 1478 2159 Sed:
1517 2123 1587 2169 „at
1613 2121 1911 2160 dormiendum

353 2205 517 2242 quoque
564 2196 640 2234 tibi
689 2198 765 2245 est,
815 2207 918 2235 mox
962 2208 983 2234 e
1026 2197 1153 2235 malis
1202 2198 1424 2245 eme1·ges”
1467 2197 1610 2235 nescio
1653 2197 1751 2244 quid
1783 2197 1913 2236 habet

354 2272 545 2309 absurdi:
595 2272 711 2319 iungi
758 2272 825 2309 hic
873 2273 980 2310 duae
1023 2283 1090 2310 res
1132 2273 1331 2311 Videntur
1372 2273 1483 2310 Inter
1515 2282 1621 2319 quas
1653 2272 1771 2310 nulla
1802 2272 1911 2311 ratio

353 2347 599 2385 intercedat.
642 2347 853 2395 Exspecto
895 2348 1004 2386 fere:
1057 2358 1196 2396 „nunc
1238 2348 1387 2397 dormi,
1433 2358 1535 2385 mox
1573 2348 1710 2386 aderit
1740 2349 1912 2396 tempus

352 2422 550 2460 laboris''.
598 2423 702 2460 Vide
750 2434 857 2470 quae
900 2424 949 2461 de
990 2424 1146 2462 futuris
1188 2425 1285 2472 post
1327 2424 1605 2471 imperativos
1637 2424 1827 2462 diximus
1860 2423 1911 2462 ad

353 2511 377 2533 α
413 2498 507 2535 124.

414 2650 465 2687 91
511 2660 600 2696 sqq.
644 2649 755 2687 Dum
793 2650 950 2688 dormit
980 2650 1160 2698 Ulysses
1191 2652 1454 2690 lamentatur
1485 2651 1692 2700 Penelope
1725 2652 1767 2689 in
1799 2662 1909 2690 som-

355 2724 424 2761 nio
458 2726 682 2772 conspecto
716 2725 872 2773 Ulysse
904 2736 1051 2764 secum
1084 2727 1278 2765 cubante.
1313 2727 1534 2774 Sequitur:

590 2793 641 2845 ὧς
674 2797 793 2848 ἔφατ’·
826 2799 964 2839 αὐτίκα
997 2798 1038 2839 δὲ
1070 2801 1339 2853 χρυσόθρονος
1370 2799 1522 2852 ἤλυθεν
1550 2798 1662 2849 Ἠώς.

590 2879 658 2924 τῆς
692 2871 726 2912 δ’
763 2872 838 2924 ἄρα
869 2876 1081 2926 κλαιούσης
1112 2876 1221 2915 ,Ρόπα
1254 2877 1421 2915 σύνθετο
1455 2877 1538 2924 δῖος
1564 2874 1786 2924 Ὀδυσσεύς.
