2030 3439
1115 361 1167 398 74

364 488 507 526 minus
540 487 760 525 commode
792 485 874 532 legi
906 486 1062 532 posset,
1098 485 1140 522 in
1172 486 1342 524 textum
1375 485 1604 534 irrepserit,
1638 485 1712 523 sed
1739 484 1801 522 ita
1825 494 1914 522 mu-

364 564 503 602 tatum
536 564 582 600 ut
614 563 752 600 iustus
785 560 1037 598 hexameter
1069 560 1342 608 expleretur?

424 719 504 755 421
540 728 601 764 sq.
635 717 843 764 Penelope
877 716 1054 754 insidias
1087 727 1111 754 a
1141 717 1280 765 procis
1312 717 1567 756 Telemacho
1599 717 1787 755 structas
1820 726 1918 754 cum

365 793 609 841 cognoverit
642 793 683 830 in
715 792 951 829 Antinoum
985 793 1027 829 et
1059 792 1154 830 aliis
1187 792 1404 831 invehitur
1436 793 1576 831 verbis
1610 794 1652 830 et
1684 792 1823 829 hisce:

599 867 732 918 μάργε,
762 866 822 916 τίη
855 864 896 904 δὲ
927 866 975 904 σὺ
1011 866 1218 922 Τηλεμάχῳ
1250 867 1428 906 θάνατόν
1460 882 1497 905 τε
1530 867 1651 919 μόρον
1683 881 1721 905 τε

599 942 774 993 ρ”άπτειςς
807 938 891 980 οὐδ’
930 939 1017 993 ὁσίη
1048 940 1150 980 κακὰ
1181 939 1378 994 ραπτὲμεν’
1416 941 1614 992 ἀλλήλοισι

365 1031 438 1069 pro
489 1017 685 1068 ἀλλήλοισι
732 1018 942 1057 conficitis
989 1015 1256 1067 ἀλλοδαποῖσι,
1302 1019 1503 1066 quoniam
1550 1029 1678 1057 versu
1726 1017 1922 1065 sequenti

364 1097 576 1134 Antinous
619 1105 851 1143 peregre
893 1095 1064 1132 Venisse
1107 1095 1282 1133 dicatur.
1321 1096 1378 1133 At
1409 1094 1500 1133 fieri
1532 1105 1616 1132 non
1647 1095 1789 1142 potest
1820 1093 1922 1141 quin

365 1172 534 1210 dativus
586 1170 657 1208 illo
704 1171 794 1208 loeo
841 1170 1006 1218 positus
1054 1170 1111 1208 sit
1158 1170 1328 1208 dativus
1375 1170 1623 1218 obieotivus‚
1673 1179 1771 1217 ergo
1819 1169 1922 1207 illud

366 1245 618 1284 ἀλλοδαποῖσι
646 1246 708 1284 sio
734 1246 987 1284 vertendum
1017 1246 1119 1284 erit:
1153 1245 1231 1294 „iis
1260 1245 1331 1292 qui
1356 1247 1399 1283 te
1416 1245 1601 1293 hospitio
1620 1244 1921 1292 exceperunt’'.

368 1323 482 1370 Quod
515 1323 634 1360 vetat
665 1322 876 1360 sermonis
908 1321 1083 1360 indoles,
1741 1324 1747 1327 “

425 1473 508 1510 428
537 1472 726 1509 Revooat
752 1473 898 1509 autem
925 1472 1101 1510 Alcinoo
1129 1471 1172 1508 in
1198 1471 1454 1509 memoriam
1483 1470 1691 1518 Penelope
1714 1469 1924 1517 quomodo

366 1549 487 1596 pater
528 1548 618 1585 eius
652 1548 752 1585 olim
788 1547 968 1595 supplex
1001 1547 1196 1585 Ithacam
1227 1547 1404 1585 venerit.
1439 1547 1555 1584 Iram
1587 1545 1701 1584 enim
1736 1545 1803 1583 sui
1834 1545 1924 1593 ipse

367 1624 562 1661 moverat
592 1623 746 1672 populi,
782 1633 902 1671 ergo:

572 1698 638 1737 τόν
671 1696 704 1750 ῤ’
742 1697 880 1737 ἔθελον
908 1702 1054 1748 φθῖσαι
1085 1697 1150 1737 καὶ
1184 1697 1420 1750 ἀπορραῖσαι
1452 1697 1569 1747 φίλον
1601 1691 1705 1747 ἦτορ.

427 1775 686 1823 Corruptane
718 1776 823 1814 haec
855 1786 880 1813 a
910 1775 1081 1814 librario
1109 1786 1162 1814 an
1190 1775 1280 1823 ipse
1307 1776 1432 1823 poeta
1459 1773 1671 1813 sermonis
1699 1773 1805 1821 epici
1832 1774 1924 1811 tam

367 1852 447 1889 fuit
476 1852 699 1899 imperitus
732 1853 779 1888 ut
811 1862 895 1889 non
922 1852 1102 1890 sentiret
1128 1862 1257 1898 quam
1286 1851 1399 1889 istud
1427 1848 1662 1900 ἀπορραῖσαι
1688 1848 1805 1898 φίλον
1835 1841 1924 1898 ἦτορ

368 1928 560 1974 ineptum
609 1929 753 1965 esset?
800 1928 941 1965 Naves
989 1926 1087 1977 ραίει
1134 1927 1369 1976 Neptunus,
1415 1928 1541 1974 atque
1584 1926 1635 1964 ab
1678 1924 1751 1962 illa
1792 1924 1924 1972 stirpe

368 2003 560 2041 mallei
591 2014 749 2041 nomen
781 2002 940 2054 ῥαιστὴρ
972 2005 1123 2041 natum
1157 2005 1235 2041 est.
