2030 3439
826 364 875 401 21

71 488 180 535 quod
207 489 298 526 tam
325 498 451 536 saepe
479 489 521 525 in
549 489 723 534 antiqua
751 489 866 535 poesi
895 489 1013 536 epica
1036 488 1123 526 fieri
1143 489 1350 536 videmus,
1370 489 1621 536 pracsertim

73 563 115 600 in
158 563 359 611 Odyssea,
405 564 452 601 ut
490 563 532 600 in
565 573 649 600 una
681 563 822 610 aliqua
855 564 1005 601 vocula
1038 564 1240 601 haereant
1273 563 1351 601 viri
1384 564 1495 601 docti
1528 574 1624 601 curn

72 639 188 676 totus
230 639 360 687 locus,
404 639 475 676 ubi
517 639 590 676 illa
630 639 797 687 legitur,
833 640 889 677 sit
922 640 1229 687 ineptissimus.
1265 640 1343 678 Pro
1375 641 1625 688 pronomine

71 714 186 752 enim
228 713 272 752 οἴ
306 715 446 762 aliquo
488 715 645 762 scripto
689 715 904 763 vocabulo,
945 715 1053 762 quod
1087 716 1241 753 melius
1278 716 1449 754 veritati
1481 716 1624 763 reique

71 789 120 827 de
164 799 246 836 qua
287 790 427 837 agitur
469 790 705 838 conveniat,
750 791 847 837 quid
890 775 1125 838 profectum
1159 792 1271 829 erit?
1304 792 1470 830 Sanane
1502 793 1626 829 erunt

71 865 242 902 cetera?
284 865 423 903 Immo
465 875 565 903 vero
608 865 785 903 restabit
824 866 862 903 id
897 866 1005 913 quod
1037 866 1160 913 longe
1194 867 1512 914 ineptissimum
1545 868 1622 904 est.

69 939 128 978 De
171 940 416 978 calamitate
458 951 541 988 qua
583 941 674 989 ipsa
717 943 782 979 est
824 942 983 979 afflicta
1024 942 1222 979 Laertem
1265 942 1489 979 certiorem
1532 941 1622 979 fieri

70 1014 164 1053 vult
204 1015 412 1063 Penelope
455 1015 485 1053 εἰ
520 1015 568 1064 δή
600 1029 763 1054 που....
798 1017 923 1063 Sequi
955 1027 1067 1054 nunc
1099 1017 1223 1054 debet
1256 1017 1295 1054 id
1327 1017 1435 1064 quod
1469 1017 1519 1055 ab
1554 1017 1625 1054 illo

70 1091 245 1131 consilio
279 1093 502 1140 exspectat
534 1093 671 1130 tristis
704 1093 870 1130 mulier.
906 1093 1103 1140 Sequitur
1136 1094 1307 1131 autem:

265 1167 313 1212 (εἰ
343 1167 391 1216 δή
424 1167 515 1211 πού)
549 1182 635 1204 τινα
667 1171 794 1213 κεῖνος
827 1166 883 1205 ἐνὶ
916 1165 1029 1217 φρεσὶ
1061 1173 1175 1217 μῆτιν
1206 1166 1449 1216 ὑφήνας....

129 1243 222 1280 Iam
254 1243 333 1281 hoc
364 1243 557 1291 ineptum
591 1254 615 1281 a
646 1253 747 1281 sene
780 1243 991 1291 decrepito
1025 1243 1225 1281 callidum
1260 1243 1427 1290 aliquod
1456 1253 1625 1291 exspec-

70 1320 161 1357 tare
203 1318 416 1357 malorum
458 1319 708 1366 remedium,
753 1319 861 1366 quod
905 1319 985 1366 ipsi
1027 1318 1196 1355 mulieri
1229 1318 1422 1355 omnium
1455 1319 1626 1356 astutis—

71 1394 207 1432 simae
250 1394 291 1431 in
329 1395 521 1431 mentem
554 1394 698 1432 venire
732 1404 814 1431 non
846 1394 994 1441 possit.
1029 1393 1188 1431 Verum
1222 1393 1504 1431 concedamus
1536 1392 1627 1431 fieri

69 1479 194 1517 posse
235 1471 282 1507 ut
320 1480 453 1508 senex
486 1470 701 1516 excogitet
733 1469 773 1506 id
807 1469 916 1516 quod
949 1469 1134 1506 iuniores
1166 1468 1302 1515 fugiat
1334 1478 1496 1505 omnes.
1531 1468 1628 1515 Ipsa

70 1545 187 1583 addit
227 1545 435 1592 Penelope
478 1545 715 1583 cuiusmodi
753 1545 855 1582 illud
889 1544 1113 1582 consilium
1147 1544 1204 1581 sit
1235 1544 1440 1581 futurum.
1476 1543 1626 1591 Quidni

69 1630 167 1668 ergo
200 1621 341 1668 potius
374 1630 473 1658 eum
501 1621 614 1658 illius
642 1621 843 1658 admonet
870 1630 922 1657 ne
949 1620 1057 1657 forte
1086 1619 1219 1656 senile
1248 1619 1466 1665 ingenium
1493 1617 1627 1666 fingat

69 1695 226 1742 aliquid
269 1696 377 1742 quod
420 1696 556 1733 multo
600 1696 742 1733 minus
785 1696 842 1733 sit
885 1695 1018 1733 utile?
1062 1694 1152 1732 Hoc
1189 1704 1354 1741 quoque
1387 1695 1626 1742 mittamus,

70 1770 119 1808 de
153 1771 243 1818 ipso
272 1771 496 1808 videamus
524 1771 722 1808 consilio:
751 1768 888 1816 ἔξεισιν
916 1767 936 1807 ὁ
963 1767 1099 1820 γέρων,
1126 1779 1148 1806 e
1172 1769 1320 1806 villula
1338 1778 1415 1806 sua
1432 1769 1626 1816 prodibit.

68 1846 173 1884 Mira
205 1846 345 1884 hercle
379 1846 610 1884 calliditas!
646 1846 697 1883 Et
730 1846 954 1894 populares
982 1845 1220 1883 obsecrabit
1249 1844 1626 1892 obtestabiturque.

69 1921 131 1959 En
162 1922 351 1970 lepidum
384 1922 608 1960 inventum
641 1922 812 1969 Ulyssis
844 1922 963 1969 patre
996 1921 1194 1968 dignum!
1230 1920 1322 1958 Non
1350 1931 1447 1967 ergo
1475 1921 1516 1957 in
1545 1930 1628 1958 uno

68 1997 274 2035 vocabulo
307 1996 351 2034 οἵ
378 1997 533 2035 vitium
565 1997 677 2035 inest
709 1997 783 2034 sed
815 1998 903 2034 tres
930 2006 1082 2034 versus
1113 1996 1373 2040 (ise-741)
1403 1995 1630 2033 insanabili

69 2071 264 2111 laborant
310 2073 470 2121 morbo,
520 2074 666 2121 utpote
713 2072 790 2109 sub
840 2072 1090 2109 tristissimo
1138 2071 1227 2108 nati
1270 2071 1429 2108 sidere:
1475 2070 1630 2108 effutiit

70 2147 185 2185 enirn
228 2158 300 2186 eos
342 2148 500 2186 sciolus
542 2149 612 2195 qui
658 2148 883 2185 contentus
926 2157 1009 2184 non
1053 2147 1168 2184 esset
1206 2146 1258 2183 iis
1290 2155 1397 2192 quae
1429 2146 1630 2192 antiquus

70 2223 193 2260 vates
221 2223 406 2261 dederat.
437 2223 512 2261 llle
540 2225 686 2261 tamen
715 2222 1046 2271 prudentissime
1074 2223 1117 2259 in
1145 2221 1273 2259 verbo
1295 2218 1480 2273 καταλέξῃ
1498 2219 1626 2258 finem

69 2297 181 2346 fecit,
228 2298 394 2346 sibique
436 2299 818 2347 persuasissimum
861 2297 1009 2335 habuit
1050 2296 1268 2334 neminem
1312 2295 1398 2333 iam
1439 2295 1527 2333 fore
1561 2296 1630 2342 qui

73 2373 302 2421 quidquam
357 2374 629 2412 desideraret.
688 2374 778 2411 Hoc
835 2373 949 2410 enim
1007 2373 1178 2419 accepto
1236 2370 1384 2409 nuntio
1441 2371 1628 2419 Laertes,

73 2449 272 2495 quamvis
315 2449 372 2487 sit
415 2450 506 2487 eius
549 2460 672 2487 mens
715 2449 838 2486 annis
875 2448 1008 2495 tarda,
1042 2449 1191 2485 tamen
1223 2446 1372 2484 statim
1405 2446 1632 2493 perspiciet

74 2523 173 2570 quid
214 2524 280 2561 sui
321 2524 378 2562 sit
409 2525 513 2562 iuris
546 2524 776 2571 officiique:
812 2534 909 2561 cum
943 2523 1056 2560 enim
1090 2522 1241 2560 abierit
1273 2531 1408 2569 neque
1441 2530 1629 2568 unquam

72 2598 130 2636 sit
171 2608 422 2637 reversurus
465 2598 578 2637 filius
620 2601 662 2637 et
705 2599 869 2637 occisus
912 2608 1055 2645 nepos,
1101 2598 1189 2645 ipse
1229 2597 1314 2635 iarn
1348 2597 1464 2634 solus
1497 2597 1632 2634 restat

74 2673 144 2720 qui
186 2674 406 2722 prohibeat
439 2675 667 2722 quominus
700 2673 775 2712 filii
807 2674 917 2712 bona
949 2683 1130 2720 cumque
1164 2673 1248 2710 illis
1280 2683 1459 2710 uxorem
1489 2682 1512 2709 a
1544 2671 1628 2709 filio

74 2749 190 2787 domi
221 2749 416 2788 relictam
448 2750 563 2797 proci
595 2750 774 2797 rapiant.
811 2749 887 2796 Qui
920 2749 957 2786 si
990 2748 1111 2786 illum
1144 2758 1227 2786 non
1256 2747 1444 2786 curarint
1471 2747 1628 2793 gravis-

73 2825 185 2863 sima
226 2835 271 2863 se
304 2825 576 2873 alligaverint
608 2825 741 2873 culpa,
777 2834 911 2871 neque
943 2834 1139 2861 recusare
1172 2824 1370 2871 poterunt
1401 2823 1630 2870 quominus

73 2900 217 2949 legum
245 2900 619 2949 impudentissime
646 2900 905 2937 violatarum
933 2898 1069 2937 iustas
1097 2899 1196 2936 dent
1223 2908 1393 2947 poenas.
1414 2897 1493 2936 Sed
1511 2897 1628 2935 solus
