2030 3439
908 321 958 358 71

155 441 346 478 Vestram
389 440 521 489 πρῶτά
562 454 628 478 κεν
671 440 793 479 αὐτοῦ
834 443 989 493 πατρός.
1031 444 1169 482 Nimis
1207 445 1320 483 enim
1354 445 1494 493 inepte
1527 446 1608 483 isto
1641 450 1708 482 τοῦ

152 513 297 564 πατρός
328 514 513 553 violatur
544 526 685 554 sermo
718 518 873 565 opicus

218 663 296 702 181
326 674 388 711 sq.
417 664 609 702 Profecto
637 664 824 703 Eumaeo
853 666 1040 704 Minerva
1068 667 1226 715 Ulyssi,
1257 668 1325 714 qui
1350 667 1556 705 hactenus
1574 678 1706 706 senex

154 739 394 787 decrepitus
437 739 555 777 visus
588 741 690 787 erat,
726 751 876 788 corpus
909 742 978 779 dat
1014 742 1196 780 iuvenile
1230 744 1479 790 vestemque
1512 743 1704 780 nitidam.

155 813 305 862 Stupet
346 824 444 862 ergo
486 814 768 853 Telemachus
809 815 879 853 ubi
923 817 1066 854 oculos
1109 817 1150 854 in
1193 828 1291 855 eum
1334 817 1543 855 convertit
1580 819 1706 865 atque

153 889 215 927 sic
246 889 454 936 loquitur:

330 962 483 1011 ἀλλοῖός
515 980 594 1015 μοι,
624 962 734 1013 ξεῖν’,
764 964 914 1016 ἐφάνης
946 964 1037 1005 νέον
1070 964 1112 1016 ἠὲ
1145 966 1328 1017 πάροιθε,

331 1037 426 1078 ἄλλα
459 1037 501 1078 δὲ
530 1037 685 1090 ,Ρείματ’
721 1040 815 1092 ἔχεις
846 1041 914 1079 καί
941 1057 999 1080 τοι
1030 1041 1128 1092 χρὼς
1160 1039 1297 1081 οὐκέθ’
1336 1040 1480 1092 ὁμοῖος.

213 1116 346 1154 Erunt
387 1117 457 1163 qui
499 1117 684 1164 priorem
727 1128 899 1155 versum
943 1118 1004 1156 sic
1045 1119 1237 1156 vertant:
1277 1118 1411 1166 „alius
1444 1119 1550 1156 mihi
1583 1129 1706 1167 nunc,

152 1191 320 1240 hospes,
365 1192 523 1230 videris
559 1194 685 1240 atque
718 1195 845 1231 antea
879 1193 996 1231 visus
1029 1194 1125 1240 es’';
1159 1194 1232 1231 sed
1264 1195 1426 1242 respuit
1458 1194 1587 1232 istam
1621 1205 1708 1232 ver-

153 1266 317 1305 sionem
367 1268 604 1306 accuratior
647 1268 947 1306 vocabulorum
991 1269 1284 1307 consideratio.
1328 1269 1421 1307 Non
1463 1269 1577 1307 enim
1622 1266 1709 1306 νέον

155 1343 221 1380 est
252 1353 394 1381 nunc
420 1343 495 1381 sed
521 1343 676 1381 modo
706 1345 818 1387 (ante
844 1343 1149 1382 brevissimum
1177 1345 1374 1392 tempus),
1406 1355 1541 1391 neque
1559 1342 1708 1393 ἐφάνης

155 1419 222 1456 est
252 1418 470 1456 videris
501 1419 576 1457 sed
608 1419 765 1456 visus
809 1430 875 1457 es.
910 1419 1001 1457 Non
1033 1419 1155 1457 facile
1188 1429 1286 1467 ergo
1319 1429 1340 1457 e
1372 1419 1542 1457 traditis
1569 1420 1710 1457 verbis

156 1505 311 1533 sanum
357 1495 569 1533 extundas
616 1505 805 1543 sensum,
855 1495 927 1533 sed
976 1495 1271 1533 emendatione
1318 1504 1423 1542 opus
1466 1495 1543 1532 est.
1588 1494 1711 1532 Nullo

156 1570 301 1608 autem
333 1570 503 1618 negotio
536 1570 776 1609 restituitur
808 1571 848 1608 id
881 1571 1022 1618 ipsum
1055 1570 1163 1618 quod
1191 1570 1259 1608 hic
1286 1570 1525 1617 requiritur.
1555 1570 1708 1617 Legen-

159 1645 261 1683 dum
293 1645 431 1684 enim:

436 1719 589 1767 ἀλλοῖός
621 1736 698 1770 μοι,
730 1717 841 1770 ξεῖν’,
872 1719 1021 1770 ἐφάνης
1057 1718 1144 1758 νέον
1176 1717 1245 1770 ἠδὲ
1278 1718 1446 1769 πάροιθε

160 1796 296 1845 „alius
328 1797 448 1846 mihi,
482 1798 651 1846 hospes,
686 1797 840 1835 modo
873 1798 925 1835 et
957 1798 1120 1835 antea
1153 1796 1272 1833 visus
1300 1806 1345 1833 es
1374 1798 1516 1842 (quam
1543 1795 1711 1838 nunc)'’.

157 1873 307 1911 Modo
350 1874 402 1911 et
446 1874 632 1911 antea:
673 1883 802 1920 quam
834 1872 1000 1919 egregie
1033 1872 1106 1909 illa
1141 1871 1267 1909 verba
1298 1870 1529 1908 mirantem
1563 1870 1713 1907 decent

157 1948 486 1987 adolescentem.
520 1949 616 1996 Ipso
650 1949 763 1986 enim
796 1949 1019 1996 praesente
1052 1947 1094 1984 in
1127 1947 1326 1984 iuvenem
1355 1945 1565 1983 convert-it
1592 1944 1713 1992 Ulys-

156 2033 250 2062 sem
291 2024 503 2072 Minerva3
547 2024 846 2062 tantummodo
888 2024 994 2061 nutu
1027 2033 1124 2060 eum
1157 2022 1270 2059 foras
1303 2021 1355 2058 ad
1386 2031 1431 2058 se
1463 2021 1713 2065 vocaverat;

157 2099 231 2137 sed
262 2100 354 2137 tam
387 2100 470 2138 cito
504 2099 546 2137 in
578 2099 795 2137 stabulum
824 2098 1004 2146 Ulysses
1031 2097 1156 2135 rediit
1183 2098 1228 2134 ut
1255 2095 1494 2134 absentiam
1523 2095 1613 2132 eius
1639 2094 1713 2131 vix

156 2174 316 2213 sentire
343 2175 624 2213 Telemachus
651 2175 848 2222 potuerit.
878 2174 942 2212 Ad
969 2174 1106 2211 totam
1134 2182 1232 2219 ergo
1256 2171 1375 2209 illam
1393 2170 1715 2208 conversionem

157 2249 416 2288 brevissima
448 2250 632 2297 quadam
665 2259 769 2297 opus
801 2249 882 2286 fuit
913 2248 1040 2285 horae
1068 2247 1287 2295 particula.
1316 2246 1436 2283 Nunc
1463 2245 1532 2282 ubi
1559 2245 1715 2282 iterum

158 2335 257 2363 eum
301 2325 507 2373 conspicit
549 2324 830 2363 Telemachus
874 2323 1111 2361 exclamat:
1161 2331 1315 2369 „quam
1357 2322 1551 2358 mutatus
1593 2321 1638 2357 tu
1672 2328 1717 2356 es

157 2400 208 2439 ab
252 2411 300 2439 eo
345 2401 415 2449 qui
457 2400 600 2439 fueras
642 2399 780 2448 modo,
831 2409 928 2437 cum
970 2399 1113 2436 tecum
1157 2396 1435 2444 colloquebar,
1471 2396 1513 2433 et
1544 2393 1717 2432 omnino

158 2487 213 2515 ex
244 2487 325 2524 quo
358 2477 441 2515 huc
472 2476 668 2515 adveni.‘’

217 2625 299 2663 241
339 2636 430 2673 sqq.
464 2625 649 2673 Agnitus
682 2634 707 2662 a
738 2623 823 2661 filio
857 2623 1037 2670 Ulysses
1070 2622 1119 2659 de
1151 2630 1374 2669 procorum
1408 2628 1584 2657 numero
1619 2627 1717 2655 eum

157 2701 415 2748 interrogat:
465 2700 573 2739 scire
622 2700 737 2738 enim
786 2709 831 2736 se
879 2698 988 2736 velle
1032 2699 1176 2735 utrum
1219 2696 1336 2734 solus
1380 2705 1476 2732 cum
1519 2693 1604 2731 filio
1648 2702 1719 2729 eos

158 2775 328 2814 vincere
374 2776 512 2824 possit
557 2775 714 2823 proelio
763 2784 817 2811 an
865 2773 992 2810 sociis
1041 2781 1146 2819 opus
1192 2771 1261 2808 sit.
1310 2769 1390 2806 Hic
1438 2767 1719 2806 Telemachus

162 2851 402 2890 exclamat:
