2030 3439
762 995 1102 1067 LIBER
1165 995 1378 1065 XXI.

408 1291 462 1328 42
526 1287 549 1339 ἢ
584 1285 620 1326 δ’
658 1288 717 1327 ὅτε
751 1288 800 1339 δὴ
832 1289 1016 1339 θάλαμον
1049 1288 1116 1327 τὸν
1150 1287 1310 1336 ἀφίκετο
1344 1289 1408 1327 δῖα
1441 1296 1641 1340 γυναικῶν

290 1365 492 1413 quoniam
540 1376 623 1403 non
671 1366 863 1413 sequitur
906 1366 1121 1403 sententia
1162 1365 1355 1413 relativa,
1400 1375 1553 1403 sanum
1598 1375 1692 1403 esse
1734 1365 1847 1403 istud

290 1442 472 1489 θάλαμον
505 1440 571 1478 τόν
604 1452 687 1479 non
720 1443 873 1489 potest.

352 1591 432 1628 134
461 1602 521 1638 sq.
552 1592 728 1629 Frustra
756 1593 934 1629 conatus
962 1602 1109 1629 arcum
1132 1593 1357 1639 paternum
1376 1592 1549 1629 tendere
1566 1591 1848 1629 Telemachus

290 1667 476 1714 primum
510 1666 559 1704 de
592 1677 667 1704 sua
701 1667 964 1704 lamentatur
996 1667 1301 1714 imbecillitate,
1336 1667 1485 1704 deinde
1517 1667 1622 1704 haec
1655 1667 1792 1704 addit:

581 1737 657 1779 ἀλλ’
693 1737 817 1792 ἄγεθ’,
849 1741 987 1791 οἵπερ
1020 1740 1122 1790 ἐμεῖο
1155 1741 1221 1795 βίῃ
1253 1739 1553 1792 προφερέστεροί
1578 1740 1671 1790 ἐστε,

583 1816 697 1863 τόξου
730 1816 986 1866 πειρήσασθε,
1016 1815 1081 1854 καὶ
1115 1815 1342 1866 ἐκτελέωμεν
1377 1814 1535 1855 ἄεθλον.

352 1893 429 1941 Qui
462 1893 588 1930 modo
620 1892 754 1930 labori
787 1893 912 1930 alicui
948 1893 1157 1940 imparem
1191 1903 1236 1930 se
1270 1903 1364 1930 esse
1398 1894 1600 1940 expertus
1628 1895 1694 1930 est
1721 1894 1848 1940 atque

291 1980 388 2015 ergo
432 1969 526 2006 aliis
570 1979 667 2006 eum
710 1968 933 2016 permittit,
981 1968 1118 2005 dicere
1162 1968 1247 2005 iam
1291 1979 1373 2006 non
1410 1970 1573 2016 potest:
1612 1969 1760 2016 „illum
1791 1969 1846 2006 la-

290 2046 435 2083 borem
474 2044 889 2092 perficiamus'’.
925 2044 1151 2082 Praeterea
1183 2054 1333 2091 parum
1369 2045 1584 2091 eleganter
1616 2045 1684 2083 hic
1716 2044 1849 2094 πειρή-

295 2126 417 2157 σασθε
452 2121 507 2164 (in
541 2119 808 2167 imperativo)
844 2120 885 2156 et
917 2117 1143 2167 ἐκτελέωμεν
1177 2119 1233 2163 (in
1266 2119 1403 2166 prima
1435 2130 1544 2167 pers.
1575 2120 1847 2165 coniunctivi)

296 2197 439 2234 iuncta
471 2196 681 2233 videntur.
717 2195 978 2243 Quapropter
1010 2195 1206 2242 equidem
1239 2196 1300 2233 sic
1332 2196 1531 2243 legerim:

619 2270 731 2316 τόξου
763 2269 1019 2319 πειρήσασθε,
1050 2266 1109 2307 ἵν’
1149 2268 1373 2319 ἐκτελέωμεν
1406 2269 1553 2308 ἄεθλον

302 2347 373 2392 „ut
400 2346 574 2383 tandem
603 2346 828 2393 aliquando
857 2346 907 2383 ad
936 2345 1066 2383 finem
1095 2346 1219 2384 istius
1248 2346 1496 2384 certaminis
1523 2346 1847 2393 perveniamus:

297 2430 397 2458 nam
431 2422 626 2467 equidem
660 2422 711 2458 acl
743 2420 869 2459 finem
906 2421 1133 2468 perducere
1166 2432 1258 2459 rem
1290 2431 1509 2468 nunquam
1541 2422 1730 2468 poter0.’'

360 2569 439 2606 136
474 2579 534 2615 sq.
570 2569 789 2616 Sequitur:

590 2638 640 2688 ὦς
673 2642 823 2681 ἔειπὼν
856 2643 968 2690 τόξον
1002 2641 1072 2693 μὲν
1105 2642 1181 2682 ἀπὸ
1213 2641 1284 2681 ,Ρέο
1311 2639 1430 2693 ’θῆκε
1461 2645 1603 2694 χαμᾶζε

590 2718 722 2764 κλίνας
755 2721 985 2772 κολλητῇσιν
1019 2717 1061 2757 ἐὺ
1095 2720 1245 2773 ξεστῇσι
1277 2718 1441 2756 σανίσσι.

354 2796 445 2832 Non
474 2805 686 2841 concoquo
714 2795 794 2832 duo
823 2796 904 2832 ista
933 2795 1058 2832 unius
1086 2795 1346 2833 substantivi
1375 2796 1569 2842 apposita
1595 2796 1710 2834 nullo
1738 2796 1849 2833 inter

298 2880 342 2906 se
376 2870 520 2907 iuncta
553 2869 734 2907 vinculo.
770 2870 887 2907 Idem
921 2871 1100 2908 recurrit
1132 2881 1194 2908 vs,
1233 2872 1327 2908 164.
