2030 3439
838 371 918 409 129

93 497 188 534 tum
207 491 416 544 ’πέπνυσο,
443 504 541 533 cum
569 495 660 532 tota
688 496 905 533 structura
935 498 1174 535 sententiae
1199 498 1432 546 perfectum
1453 501 1649 549 requirat,

93 573 310 620 postremo
357 570 458 608 illud
501 569 680 607 verbum
724 570 864 617 ipsum
924 570 1027 618 Quid
1071 573 1217 610 enim?
1260 574 1544 622 Speramusne
1577 587 1653 614 nos

94 646 145 684 ab
187 646 328 694 aliquo
371 645 542 684 veniam
582 645 898 693 impetraturos,
934 647 1135 693 quoniam
1169 649 1652 695 prudentissimus

94 721 165 759 ille
210 722 268 760 sit
314 721 564 760 mortalium
616 720 680 758 vel
729 721 1237 769 sapientissimus?
1284 724 1422 763 Immo
1471 736 1568 764 vero
1612 727 1652 763 111

97 796 404 834 clementia
447 796 538 833 eius
581 797 623 833 et
665 797 1101 835 mansuetudine
1144 808 1264 846 spem
1307 802 1498 838 nostram
1543 812 1653 849 repo—

98 871 255 920 nimus,
290 881 388 909 nam
424 870 649 919 prudentia
681 880 807 919 saepe
840 872 1118 910 severitatem
1151 883 1298 912 seeum
1331 875 1458 913 ducit.

158 1020 238 1058 257
287 1030 377 1068 sqq.
418 1019 618 1058 Cubitum
651 1019 711 1057 ire
743 1029 789 1057 se
822 1020 930 1058 velle
962 1021 1033 1059 ubi
1065 1022 1173 1060 dixit
1206 1022 1398 1071 Ulysses,
1433 1025 1655 1072 1·esp‹m(l‹s·t

97 1095 328 1143 Penelope:

332 1168 428 1220 εὐνὴ
462 1166 532 1220 μὲν
565 1168 614 1219 δὴ
647 1169 712 1208 σοί
740 1184 781 1221 γε
815 1166 882 1209 τότ’
919 1169 1080 1221 ἔσσεται,
1113 1169 1256 1210 ὁππότε
1287 1176 1420 1227 θυμῷ,

331 1252 386 1300 σῷ
419 1243 571 1300 ἐθέλῃς,
602 1243 684 1283 ἐπεὶ
716 1243 764 1297 ἅρ
797 1257 837 1283 σε
869 1244 959 1284 θεοὶ
988 1242 1175 1297 ’ποίησαν
1207 1246 1362 1286 ἱκέσθαι

330 1322 472 1360 ,Ροῖκον
504 1319 548 1359 ἐὺ
580 1320 760 1371 κτίμενον
791 1319 856 1359 καὶ
889 1320 962 1372 σὴν
996 1320 1034 1368 ἐς
1066 1322 1234 1374 πατρίδα
1268 1327 1396 1375 γαῖαν·

159 1400 244 1438 260
337 1393 412 1436 ἀλλ’
450 1395 532 1436 ἐπεὶ
564 1395 771 1448 ἐφράσθης
801 1397 870 1435 καί
897 1412 955 1436 τοι
986 1397 1080 1444 θεὸς
1113 1397 1254 1450 ἔμβαλε
1286 1403 1418 1455 θυμῷ,

336 1468 439 1511 ,Ρείσί
475 1470 543 1524 ἄγε
575 1487 641 1523 μοι
672 1472 739 1511 τὸν
772 1471 931 1523 ἄεθλον,
962 1471 1034 1511 κτέ.

159 1549 275 1588 Scire
310 1549 518 1598 pervelim
546 1559 627 1596 quo
655 1559 784 1587 sensu
812 1549 880 1587 hie
907 1560 1057 1587 versus
1087 1550 1170 1587 260
1197 1551 1361 1598 positus
1389 1553 1457 1590 sit.
1487 1553 1659 1601 Legitur

99 1627 142 1664 et
172 1640 192 1663 τ
218 1626 317 1673 485,
346 1625 420 1663 sed
449 1624 505 1662 ibi
533 1625 788 1663 facillimum
817 1624 945 1662 habet
962 1625 1250 1663 intellectum:
1271 1637 1318 1665 eo
1337 1628 1387 1665 ad
1407 1628 1656 1674 Euryclemn

97 1701 233 1739 utitur
265 1700 446 1748 Ulysses
479 1710 578 1738 eum
610 1702 808 1748 precatur
839 1710 891 1738 ne
925 1710 970 1738 se
1003 1701 1173 1747 prodat3
1209 1701 1280 1739 illa
1312 1705 1455 1741 autem
1485 1705 1656 1751 agnovit

99 1774 310 1826 (ἐφράσθη)
355 1776 599 1815 cicatricem
643 1774 806 1825 (οὐλήν),
851 1777 977 1822 atque
1010 1776 1118 1814 hane
1151 1777 1188 1814 ei
1222 1777 1396 1816 deorum
1430 1779 1581 1826 aliquis
1616 1781 1656 1817 111

98 1853 291 1890 mentem
352 1853 641 1890 revocaverat.
706 1852 763 1889 At
826 1851 893 1888 hic
955 1852 1168 1898 quodnam
1231 1863 1386 1899 quaeso
1444 1854 1653 1893 obiectum

98 1927 257 1966 habent
302 1927 432 1965 verba
478 1925 684 1977 ἐφράσθης
732 1928 774 1964 et
821 1925 992 1976 ἔμβαλεῖ)
1038 1928 1103 1964 An
1151 1927 1276 1965 huius
1319 1928 1398 1966 loci
1440 1932 1563 1977 poeta
1605 1931 1654 1968 de

97 2004 189 2041 toro
246 2002 318 2041 illo
376 2002 581 2050 cogitavit
627 2003 669 2040 et
716 2012 828 2040 nune
875 2001 1111 2049 Penelopen
1159 2002 1263 2040 haee
1310 2003 1395 2041 fere
1443 2004 1653 2043 dicentem

98 2078 222 2117 facit:
265 2078 632 2127 „quandoquidem
675 2079 767 2116 tam
808 2077 914 2115 bene
955 2078 1036 2115 tori
1080 2077 1193 2115 illius
1225 2079 1458 2117 recordaris
1491 2082 1537 2118 ut
1570 2081 1652 2118 iam

100 2153 293 2192 dubitare
335 2163 546 2201 nequeam
590 2153 692 2200 quin
734 2154 793 2190 sis
826 2152 1066 2199 Ulysses''?
1108 2153 1282 2200 Ineptus
1325 2165 1422 2202 ergo
1466 2155 1534 2193 1116
1577 2156 1653 2194 fuit

99 2229 364 2278 compilator.

102 2378 184 2416 289
218 2388 280 2426 sq.
342 2376 468 2429 τόφρα
501 2373 540 2415 δ’
561 2372 618 2427 ἄρ’
655 2375 872 2427 Εὐρυνόμη
905 2390 942 2414 τε
969 2373 1026 2414 ἰδὲ
1056 2374 1200 2426 τροφὸς
1231 2373 1377 2425 ἤντυον
1409 2375 1529 2426 εὐνὴν

346 2453 544 2503 ,Ιῑεσθῆτος
576 2454 762 2502 μαλακῆς.

160 2529 263 2567 Μ11·6
310 2529 472 2568 dictum
518 2526 640 2578 εὐνὴν
686 2525 851 2578 ἐσθῆτος
897 2529 1082 2577 μαλακῆς.
1133 2527 1328 2565 Fortasse
1374 2528 1543 2575 spurius
1591 2533 1654 2567 est

99 2605 218 2642 totus
248 2614 414 2644 versus.

162 2754 246 2792 306
303 2764 365 2802 sq.
418 2752 577 2791 Mutuis
624 2751 893 2790 sermonibus
939 2751 981 2788 in
1027 2751 1281 2789 memoriam
1329 2753 1650 2800 praeteritorum

103 2829 318 2868 malorum
344 2829 538 2867 redibant
565 2828 772 2875 Penelope
801 2829 843 2865 et
868 2827 1070 2874 Ulysses:
1095 2828 1135 2864 et
1155 2827 1225 2864 illa
1242 2827 1411 2873 quidem
1431 2838 1651 2874 [uovorum

104 2904 281 2942 iniurias
313 2905 544 2943 referebat:

1530 2975 1546 2995 'A
