2030 3439
1034 314 1114 351 128

351 439 409 477 At
435 439 576 486 inepte
604 448 715 476 1111116
742 448 899 475 novam
928 437 1307 484 interrogationem
1334 438 1505 476 subiicit
1532 438 1724 487 Ulysses,
1755 449 1852 477 cum

294 515 428 563 ipsius
475 514 803 552 exclamationis
851 513 959 551 ratio
1003 514 1118 551 esset
1159 513 1383 552 reddenda.
1427 514 1586 552 Verum
1629 514 1670 552 id
1712 515 1852 562 ipsum
1886 500 1891 504 ’

294 591 403 638 quod
445 591 514 628 hic
547 589 811 627 desideratur
844 589 881 626 ei
913 589 1176 637 restituetur,
1212 589 1248 627 si
1281 590 1410 628 verba
1443 590 1600 627 tradita
1631 589 1855 628 lenissima

296 666 593 704 emendatione
626 665 688 702 316
720 663 1044 702 161111Χ611111113ῑ

648 739 702 785 τίς
734 738 807 790 γάρ
840 734 878 789 μ’
917 741 1008 788 (μοι)
1042 735 1172 776 ἅλλοσ’
1209 737 1329 789 ἔθηκε
1361 737 1489 790 λέχος;

358 890 437 927 188
486 899 547 936 36.
597 889 633 925 A
680 889 770 926 viro
812 889 984 926 mortali
1028 889 1237 926 removeri
1281 889 1355 926 vix
1398 890 1440 927 et
1483 900 1534 927 ne
1579 889 1651 926 vix
1684 889 1855 936 quidem

295 965 484 1012 potuisse
517 966 659 1002 torum
693 964 911 1002 contendit
942 964 1146 1011 Ulysses:

946 1037 1027 1077 ἐπεὶ
1054 1037 1150 1091 μέγα
1183 1045 1287 1089 σῆμα
1321 1037 1493 1077 τέτυκται

533 1113 574 1153 ἐν
606 1111 695 1166 λέχε’
732 1113 896 1169 ἀσκητῷ·
930 1114 972 1153 τὸ
1007 1111 1044 1153 δ’
1066 1113 1139 1166 ἐγὼ
1166 1111 1311 1165 ’κάμον
1344 1113 1438 1153 οὐδέ
1469 1130 1524 1161 τις
1557 1113 1683 1162 ἄλλος.

356 1193 572 1242 Quomodo
620 1192 792 1240 signum
839 1192 891 1229 in
938 1192 1085 1230 lecto
1128 1193 1292 1230 factum
1335 1202 1429 1230 esse
1474 1192 1555 1230 dici
1598 1193 1734 1242 possit
1776 1203 1860 1230 non

296 1268 509 1315 intelligo:
553 1268 643 1315 ipse
685 1267 827 1315 potius
869 1267 1006 1305 lectus
1048 1267 1219 1314 signum
1263 1268 1329 1305 est
1373 1267 1621 1312 dicendum;
1656 1277 1758 1305 nam
1791 1268 1861 1314 qui

298 1345 419 1382 illum
462 1344 658 1381 accurate
692 1343 892 1380 describit
924 1343 1055 1380 31111111
1086 1343 1173 1380 fere
1207 1343 1367 1380 indicat
1398 1353 1444 1380 36
1478 1343 1568 1380 eius
1602 1353 1695 1380 6336
1729 1343 1860 1381 archi-

297 1422 473 1458 tectum.
518 1419 815 1457 Abiiciendum
860 1429 957 1466 ergo
1001 1420 1141 1456 totum
1185 1429 1247 1456 vs,
1297 1419 1377 1456 189
1422 1428 1596 1464 6611366;
1631 1419 1713 1456 isto
1746 1419 1861 1457 enim

298 1494 339 1532 τὸ
382 1491 417 1532 δ’
441 1493 513 1545 ἐγὼ
542 1490 684 1542 ’κάμον
718 1492 810 1531 οὐδέ
841 1509 896 1539 τις
929 1492 1042 1539 ἄλλος
1075 1494 1199 1531 facile
1232 1504 1441 1542 caremus,
1477 1493 1680 1540 quoniam
1712 1494 1861 1532 eodem

298 1573 464 1620 spectat
495 1573 586 1609 tota
618 1571 817 1619 narratio,
853 1581 960 1618 quae
995 1570 1194 1608 continuo
1228 1570 1435 1617 sequitur.

360 1722 441 1758 202
480 1731 569 1768 366.
604 1720 757 1757 Narrat
790 1730 887 1767 ergo
920 1720 1100 1767 Ulysses
1134 1719 1344 1766 quomodo
1379 1719 1539 1757 lectum
1573 1718 1860 1757 aedificaverit

299 1798 341 1834 et
373 1796 611 1834 cuiusmodi
644 1795 713 1833 ille
746 1795 814 1832 sit.
849 1795 958 1832 Tum
991 1795 1095 1832 haec
1128 1795 1266 1832 addit:

535 1869 635 1908 οὕτω
668 1884 726 1907 τοι
757 1868 843 1907 τόδε
876 1874 980 1919 σῆμα
1011 1869 1287 1918 πιφαύσκομαι

359 1946 536 1991 (Videtis
568 1946 637 1983 hic
668 1956 817 1983 revera
850 1945 1054 1983 vocabulo
1087 1950 1190 1994 σῆμα
1223 1945 1383 1983 lectum
1412 1944 1655 1993 significari>

1245 2019 1338 2058 οὐδέ
1370 2036 1403 2058 τι
1434 2022 1567 2067 folda,

553 2095 577 2146 fi]
598 2111 663 2146 μοι
697 2092 739 2133 ἔτ’
778 2094 946 2145 ἔμπεδόν
981 2093 1070 2143 ἔστι,
1100 2095 1231 2146 γύναι,
1262 2093 1382 2146 λέχος,
1414 2094 1458 2146 ἠέ
1489 2111 1544 2141 τις
1576 2094 1652 2146 ἤδη

537 2171 693 2221 ἀνδρῶν
727 2167 856 2209 ἅλλοσ’
894 2169 1027 2220 ἔθηκε,
1058 2169 1190 2220 ταμὼν
1221 2170 1299 2208 ὕπο
1332 2167 1500 2220 πυθμέν’
1536 2169 1676 2220 ἐλαίης.

360 2249 416 2285 At
447 2249 573 2286 modo
607 2248 702 2292 (187
738 2245 817 2294 36.)
847 2247 1002 2284 divinis
1030 2257 1135 2294 opus
1163 2257 1257 2284 6336
1283 2247 1446 2284 viribus
1473 2247 1524 2284 ad
1551 2247 1858 2284 removendum

301 2324 461 2362 lectum
508 2323 746 2361 contendit:
792 2333 904 2360 1111116
946 2323 1035 2369 ipse
1078 2322 1289 2359 rationem
1330 2322 1501 2369 indicat,
1547 2332 1629 2368 qua
1671 2322 1711 2359 id
1744 2322 1859 2359 nullo

301 2399 470 2446 negotio
504 2398 643 2445 quivis
675 2398 924 2435 mortalium
957 2397 1096 2435 facere
1128 2397 1325 2445 potuerit.

363 2547 445 2583 209
488 2556 549 2592 sq.
594 2546 684 2582 Hac
726 2545 869 2582 audita
907 2545 1149 2582 narratione
1182 2545 1389 2592 Penelope
1422 2544 1625 2592 Ulyssem
1660 2545 1859 2592 amplexa

303 2622 364 2659 sic
396 2623 613 2669 precatur:

510 2694 562 2744 μή
596 2708 674 2744 μοι,
699 2690 902 2741 Ὀδυσσεῦ,
934 2691 1081 2741 σκύζε’,
1112 2692 1193 2732 ἐπεὶ
1224 2694 1268 2732 τά
1300 2708 1370 2745 περ
1403 2692 1498 2732 ἄλλα
1531 2695 1693 2744 μάλιστα

509 2769 736 2820 ἀνθρώπων
761 2766 965 2807 ’πέπνυσα

362 2845 596 2892 Displicent
628 2845 695 2882 hic
727 2846 913 2892 primum
948 2846 1061 2883 istud
1089 2845 1133 2883 τὰ
1159 2844 1268 2895 ἄλλα,
1294 2847 1442 2884 deinde
1470 2847 1854 2895 plusquamperfec-
