2030 3439
849 375 902 412 25

94 497 359 535 somniorum
402 499 553 535 natura
596 499 697 535 certi
742 498 844 535 1111111
890 499 1078 535 statuere
1121 498 1240 535 licet:
1286 497 1376 544 ipsa
1418 496 1649 544 Penelopes

95 571 223 610 verba
259 572 436 610 mirifice
470 573 579 610 111161·
611 582 656 610 56
690 575 866 610 certant.
903 573 1003 621 Quis
1036 573 1151 610 0111111
1184 572 1311 609 51111111
1345 572 1447 609 deus
1481 582 1574 609 0550
1607 574 1649 609 61

94 647 160 685 dei
201 647 400 685 nuntium
441 648 624 695 perferre
661 649 833 695 potest?
868 648 945 685 Hic
981 648 1083 684 1111111
1119 647 1310 684 Mercurii
1343 647 1548 694 Iridisque
1581 657 1646 694 op-

93 732 247 769 ponere
299 723 474 760 nomina
522 723 676 760 nolite:
725 723 761 760 si
809 723 923 760 enim
972 723 1179 769 Penelope
1228 732 1376 759 verum
1425 732 1518 759 6550
1567 732 1648 759 11011

93 797 226 836 credit
256 797 358 835 illud

387 871 545 918 Παλλὰς
581 872 785 922 Ἀθηναίη,

385 944 409 997 ἢ
442 953 517 985 νῦν
549 961 594 997 με
626 945 792 997 προέηκε
826 947 903 985 τεῒν
936 947 1027 985 τάδε
1059 947 1320 997 μυθήσασθαι

93 1023 244 1071 ipsam,
303 1024 351 1061 ut
397 1023 556 1071 opinor,
608 1024 845 1061 Minervam
892 1024 1040 1061 adesse
1088 1024 1340 1071 suspicatur,
1390 1033 1472 1061 non
1520 1023 1649 1060 aliam

92 1099 306 1146 quandam
349 1099 486 1136 deam.
532 1099 624 1147 Sed,
670 1099 709 1136 id
753 1099 862 1145 quod
907 1099 991 1136 iam
1035 1099 1240 1147 dicebam,
1285 1099 1428 1136 nullus
1471 1098 1536 1135 1110
1575 1098 1647 1135 tali

91 1173 323 1222 suspicioni
364 1174 482 1212 locus
523 1175 610 1220 est3
655 1175 833 1212 minime
878 1184 975 1211 vero
1019 1184 1114 1211 eam
1158 1174 1215 1211 ita
1253 1173 1521 1211 enuntiatam
1562 1173 1649 1211 fero

93 1249 213 1297 quasi
241 1250 459 1287 somnium
487 1250 629 1296 ipsum
657 1249 828 1287 disertis
856 1248 996 1286 Verbis
1015 1249 1137 1286 deam
1156 1259 1201 1286 se
1220 1258 1313 1285 esse
1331 1247 1648 1295 significaverit.

90 1325 259 1362 Etenim
302 1324 336 1361 εἰ
376 1321 445 1373 μὲν
490 1323 538 1372 (δὴ
581 1323 676 1369 θεός
719 1322 798 1361 ἐσσι
838 1323 941 1360 nihil
975 1323 1088 1361 aliud
1121 1324 1186 1360 est
1218 1333 1368 1369 quam:
1405 1323 1466 1369 „si
1499 1333 1649 1360 verum

91 1402 157 1438 est
191 1401 299 1447 quod
332 1401 379 1438 tu
411 1400 559 1438 dixisti
591 1400 716 1438 deam
745 1402 787 1437 te
816 1400 952 1437 esse.’'
983 1399 1113 1437 Credo
1142 1409 1240 1446 ergo
1267 1399 1370 1436 olim
1397 1399 1465 1436 1110
1492 1399 1649 1436 lectum

93 1475 250 1523 aliquid
292 1475 426 1513 fuisse
468 1475 511 1513 in
553 1475 663 1513 hanc
705 1475 989 1513 sententiam:
1028 1475 1088 1521 „si
1124 1484 1271 1511 revera
1303 1474 1375 1511 illa
1407 1474 1649 1521 (Iphthime)

93 1561 139 1588 es
182 1551 224 1588 et
266 1551 368 1589 deae
411 1551 614 1589 audivisti
652 1551 823 1588 verba.”
857 1551 955 1597 Aut,
991 1550 1027 1587 si
1060 1551 1205 1587 tamen
1239 1549 1467 1587 contendat
1498 1549 1650 1595 aliquis

92 1625 225 1663 latere
263 1625 330 1663 hic
363 1626 576 1672 quandam
610 1625 830 1673 prudentis
863 1625 1055 1662 mulieris
1089 1625 1138 1662 de
1170 1624 1316 1662 fraude
1349 1624 1647 1671 suspicionem,

93 1700 188 1738 illa:
236 1701 340 1748 „dea
382 1701 455 1738 es”
501 1702 543 1738 et
583 1701 712 1749 „deae
743 1710 893 1738 vocem
928 1700 1112 1737 audisti”
1147 1700 1498 1737 disiunctive
1531 1700 1651 1737 erant

94 1776 368 1825 enuntianda,
413 1787 497 1814 non
539 1776 749 1824 particula
788 1790 824 1812 τε
870 1776 979 1813 inter
1022 1786 1067 1813 se
1113 1775 1335 1822 iungenda.
1370 1775 1533 1813 Videtis
1566 1775 1651 1813 iam

94 1862 176 1900 me,
221 1852 323 1889 dum
365 1851 563 1900 scribam,
608 1852 850 1899 opinionem
889 1851 939 1889 de
972 1851 1105 1898 ipsius
1137 1852 1286 1898 poetae
1319 1861 1457 1888 errore
1489 1851 1650 1888 sensim

93 1927 305 1965 omisisse.
339 1927 420 1965 Sed
452 1927 616 1964 nullam
649 1937 834 1975 propono
869 1927 1170 1965 coniecturam.

154 2078 238 2116 844
272 2088 361 2125 sqq.
417 2075 494 2115 ἔστι
527 2076 568 2115 δέ
599 2092 654 2123 τις
686 2082 804 2126 νῆσος
835 2075 955 2130 μέσσῃ
989 2074 1051 2113 ἁλὶ
1083 2075 1297 2126 πετρήεσσα

417 2153 611 2204 μεσσηγὺς
640 2149 800 2203 Ἰθάκης
833 2166 871 2190 τε
902 2151 1055 2202 Σάμοιό
1089 2166 1126 2189 τε
1159 2151 1461 2201 παιπαλοέσσης,

417 2228 592 2279 Ἀστερὶς,
624 2228 670 2267 οὐ
704 2228 860 2279 μεγάλη·
894 2225 1043 2277 λιμένες
1077 2224 1116 2264 δ’
1152 2226 1209 2264 ἔνι
1242 2227 1425 2277 ναύλοχοι
1457 2225 1555 2279 αὐτῇ

420 2302 652 2353 ἀμφίδυμοι·
686 2309 731 2356 τῇ
763 2302 829 2341 τόν
862 2299 890 2353 γ’
929 2301 1066 2352 ἔμενον
1098 2303 1300 2352 λοχάοντες
1333 2302 1484 2352 Ἀχαιοί.

154 2379 377 2427 Nusquam
418 2379 526 2417 mihi
569 2379 722 2426 aliquis
764 2378 958 2416 vocabuli
1001 2376 1117 2422 αὐτός
1152 2388 1276 2415 casus
1308 2379 1529 2424 tamquam
1563 2387 1650 2424 pro-

95 2464 251 2492 nomen
294 2455 515 2502 personale
557 2455 723 2502 positus
765 2454 908 2491 minus
946 2453 1144 2491 ferendus
1176 2453 1295 2489 visus
1329 2454 1394 2490 est
1425 2462 1551 2499 quam
1586 2452 1653 2489 hic

94 2529 209 2566 istud
255 2528 365 2583 αὐτῇ.
416 2530 495 2567 Sed
543 2531 660 2567 totus
703 2529 769 2566 hic
819 2529 936 2566 locus
979 2539 1001 2566 a
1044 2528 1277 2566 recentiore
1319 2529 1443 2575 poeta
1485 2527 1652 2564 additus

95 2603 274 2653 videtur,
336 2605 407 2652 qui
464 2615 707 2642 sermonem
767 2604 931 2651 epicum
992 2614 1142 2651 parum
1191 2604 1388 2640 accurate
1435 2602 1652 2648 cognitum

94 2678 302 2717 habuerit.
345 2680 612 2727 Argumento
656 2681 720 2717 651
770 2679 1028 2716 adice-tivum
1062 2676 1282 2727 ἀμφίδυμοι
1316 2677 1424 2724 quod
1459 2686 1540 2714 uno
1576 2676 1651 2713 1100

94 2753 185 2792 1000
217 2755 445 2793 invenitur.
