2030 3439
1124 334 1173 371 115

365 460 491 507 atque
533 459 612 497 1100
654 459 774 497 Vobis
817 459 1018 507 probatur
1059 458 1212 506 magis.
1257 458 1359 496 Mihi
1401 468 1501 496 vero
1543 457 1925 506 persuasissimum

365 537 432 573 est
463 537 664 573 neutrum
696 545 846 573 verum
881 545 975 573 esse
1007 544 1145 583 posse.
1179 534 1261 572 Ubi
1290 534 1405 572 enim
1433 536 1549 584 μοῖρα
1577 533 1731 572 dieitur
1759 531 1925 574 efficere

364 612 413 648 ut
451 611 604 658 aliquis
649 609 793 663 δαμήῃ,
833 620 917 648 11011
949 620 1126 658 possum
1159 620 1243 648 non
1276 610 1463 658 cogitare
1496 610 1546 647 de
1579 609 1720 656 aliquo
1753 607 1926 646 homine

365 686 507 723 diem
550 696 866 733 supremum
911 685 1162 733 obeunte,
1209 695 1340 732 eaque
1373 684 1590 723 sententia
1623 685 1714 722 tam
1745 682 1927 721 firmiter

365 771 410 799 se
458 761 564 798 mihi
611 761 810 809 obtrudit,
860 762 907 799 ut
954 761 1025 808 qui
1072 761 1196 799 aliter
1237 761 1367 799 verba
1408 760 1481 798 illa
1523 760 1704 808 accipiat
1746 758 1927 797 orationi

365 837 619 875 Homericae
661 837 751 874 Vim
794 837 932 874 faeere
965 836 1172 874 videatur.
1208 836 1315 875 Cum
1347 836 1566 874 Nitzschio
1600 846 1698 884 ergo
1731 835 1781 873 de
1815 845 1926 873 oan-

365 915 484 951 tore
527 923 701 950 versum
744 912 917 960 aeoipio.
952 911 1081 950 Cuius
1113 912 1329 950 sententia
1360 912 1503 950 neseio
1537 922 1591 950 an
1622 911 1762 958 magis
1796 910 1927 948 etiam

366 999 494 1036 quam
537 989 588 1025 iis
632 999 738 1036 quae
780 989 989 1026 haetenus
1032 988 1221 1026 diximus
1255 988 1332 1026 1100
1366 987 1641 1026 confirmetur
1674 988 1927 1034 argumento

366 1064 475 1111 quod
508 1066 731 1111 tamquam
765 1064 910 1102 avium
942 1064 1099 1112 praeda
1130 1063 1378 1111 relinqui
1411 1064 1554 1111 potest
1586 1073 1712 1100 nemo
1745 1062 1815 1109 qui
1843 1072 1926 1099 non

365 1141 482 1188 prius
525 1140 582 1177 sit
622 1140 641 1177 1
651 1141 739 1177 ato
782 1139 1025 1177 functus.
1071 1138 1299 1177 Cantorem
1342 1140 1488 1176 autem
1531 1138 1644 1176 diem
1677 1147 1928 1185 supremum

366 1215 521 1253 obiisse
554 1225 767 1262 nusquam
800 1215 1012 1262 legeretur
1044 1214 1080 1252 si
1114 1215 1181 1252 Vel
1214 1214 1448 1261 Aegisthus
1482 1214 1549 1252 vel
1583 1213 1929 1260 Clytaemnestra

367 1292 437 1329 1110
480 1306 546 1339 μιν
589 1290 913 1338 significaretur.
958 1291 1007 1328 In
1049 1290 1228 1328 subiecti
1273 1292 1418 1328 autem
1452 1290 1691 1328 mutatione
1724 1288 1828 1326 nihil
1863 1290 1929 1326 est

367 1367 475 1414 quod
507 1367 715 1404 Nitzschii
748 1366 915 1404 refellat
947 1366 1358 1414 interpretationem,
1393 1366 1604 1412 siquidem
1637 1366 1734 1413 post
1761 1366 1926 1402 senten-

366 1443 473 1480 tiam
507 1442 626 1480 illam
659 1442 886 1480 relativam

1263 1513 1291 1571 ᾧ
1323 1514 1427 1556 πόλλ’
1464 1515 1634 1555 ἐπέτελλε

676 1593 867 1644 Ἀτρεΐδης
905 1592 1095 1643 Τροίηνδε
1126 1591 1222 1631 κιὼν
1256 1592 1442 1643 εἰρῦσθαι
1473 1591 1633 1631 ἄκοιτιν.

366 1670 436 1717 qui
470 1681 586 1707 eum
620 1670 724 1718 legit
755 1670 842 1708 fato
875 1670 1083 1718 functum,
1128 1680 1211 1707 non
1245 1671 1386 1718 potest
1419 1680 1503 1708 11011
1536 1671 1586 1708 de
1619 1670 1709 1718 ipso
1743 1668 1929 1716 cogitare

367 1747 550 1793 cantore,
601 1746 671 1792 qui
719 1746 865 1783 satis
913 1746 1003 1783 diu
1050 1745 1247 1793 Aegisthi
1295 1746 1510 1784 obstiterit
1556 1746 1736 1784 insidiis.
1785 1747 1930 1794 Neque

367 1821 460 1868 quis
504 1823 723 1859 mortuum
768 1832 866 1859 eum
909 1821 951 1858 in
994 1821 1180 1859 insulam
1224 1822 1419 1859 avexerit
1462 1821 1601 1868 ibique
1635 1822 1929 1860 dilaniandum

366 1897 583 1943 reliquerit
611 1897 784 1935 alitibus
813 1897 1039 1945 quisquam
1067 1897 1278 1935 dubitabit
1308 1892 1347 1941 ¹).
1376 1897 1429 1935 Et
1457 1897 1567 1944 quod
1594 1908 1671 1935 vos
1695 1898 1929 1936 molestum

368 1982 461 2010 0000
495 1973 635 2010 dicitis
667 1972 734 2010 τὸν
767 1971 904 2010 ἀοιδόν
936 1984 999 2010 Vs.
1036 1973 1132 2021 270,
1168 1973 1208 2011 id
1241 1972 1348 2010 mihi
1375 1972 1691 2020 lepidissimum
1720 1973 1929 2012 venustis-

367 2049 611 2094 simumque
645 2049 824 2087 videtur.
858 2049 947 2086 lsta
981 2049 1095 2086 enim
1128 2048 1281 2086 obiecti
1314 2049 1566 2096 repetitione
1594 2049 1761 2097 egregie
1789 2049 1929 2097 depin-

367 2124 480 2172 gitur
538 2123 656 2171 impii
713 2125 885 2171 tyranni
933 2124 1169 2172 temeritas,
1230 2124 1300 2171 qui
1354 2125 1587 2162 molestum
1634 2125 1930 2163 adversarium

368 2200 667 2248 exspectatum
711 2199 852 2237 eiiciat
893 2200 1019 2248 foras,
1065 2201 1107 2237 et
1149 2200 1323 2238 tandem
1362 2199 1588 2247 aliquando
1621 2200 1692 2238 illo
1724 2200 1931 2238 liberatus

367 2286 419 2313 ne
452 2286 619 2314 moram
652 2276 823 2322 quidem
857 2275 958 2313 iusti
990 2275 1152 2313 funeris
1184 2276 1294 2313 ferre
1326 2275 1475 2323 possit.

406 2420 423 2452 ¹)
455 2418 537 2446 Rem
570 2418 723 2445 versione
759 2417 879 2444 Latina
906 2417 1096 2445 illustrabo:
1139 2417 1422 2452 „Clytaemnestra
1453 2418 1598 2452 primum
1628 2419 1793 2453 corrumpi
1823 2426 1859 2446 se
1889 2419 1930 2447 ab

367 2462 530 2496 Aegistho
559 2468 659 2496 passa
688 2468 754 2488 non
785 2462 851 2488 est:
879 2468 986 2493 neque
1012 2461 1101 2488 enim
1121 2460 1194 2495 ipsa
1214 2461 1309 2494 pravi
1329 2462 1400 2488 erat
1420 2461 1544 2495 ingenii
1565 2463 1598 2489 et
1617 2469 1746 2496 semper
1766 2462 1795 2490 ei
1816 2461 1932 2490 aderat

368 2507 489 2541 cantor⁷
510 2506 603 2533 cuius
623 2505 697 2532 fidei
716 2505 755 2531 ab
774 2505 1026 2537 Agamemnone
1038 2503 1265 2538 proficiscente
1277 2504 1384 2532 fuerat
1397 2505 1590 2532 concredita.
1611 2505 1731 2540 Quem
1752 2506 1930 2540 postquam

367 2549 473 2577 satum
505 2549 639 2576 demisit
668 2549 756 2581 0100,
786 2547 818 2574 111
850 2548 994 2576 insulam
1023 2548 1187 2576 desertam
1209 2550 1376 2576 cantorem
1397 2548 1523 2576 istum
1549 2549 1620 2581 (1100
1641 2550 1727 2577 0111111
1749 2550 1854 2578 estin
1874 2549 1931 2578 1110

369 2595 431 2627 τόν)
451 2594 565 2621 avexit
584 2593 693 2625 ibique
714 2591 941 2620 dilaniandum
962 2592 1097 2625 reliquit
1116 2593 1248 2621 avibus:
1270 2594 1342 2620 tum
1364 2593 1454 2620 nullo
1474 2593 1606 2628 negotio
1628 2594 1927 2628 Clytaemnestram

368 2646 504 2666 uxorem
533 2637 655 2665 duxit.''
685 2637 763 2672 Quis
792 2637 845 2663 1110
874 2637 912 2664 (10
944 2637 1120 2664 verborum
1149 2637 1315 2665 dubitabit
1344 2637 1524 2665 subiectis?
1544 2637 1622 2673 Quis
1643 2638 1837 2672 impeditam
1859 2646 1928 2666 sen-

367 2683 493 2711 tentiae
512 2684 714 2710 structuram
736 2683 913 2714 queretur-3
