2030 3439
844 1046 1186 1118 LIBER
1245 1047 1411 1117 XV.

406 1342 427 1378 7
463 1352 524 1388 Sq.
592 1338 816 1390 Τηλέμαχον
850 1336 882 1377 δ’
921 1339 992 1390 οὐχ
1023 1339 1149 1386 ὕπνος
1180 1338 1237 1390 ἔχε
1268 1339 1427 1391 γλυκὺς,
1456 1335 1531 1377 ἀλλ’
1569 1337 1626 1377 ἐνὶ
1658 1325 1776 1393 θυμῷ

590 1415 712 1453 ’νύκτα
746 1411 789 1453 δι’
828 1413 1048 1466 ἀμβροσίην
1081 1414 1323 1465 μελεδήματα
1354 1413 1499 1465 πατρὸς
1530 1413 1660 1466 ἔγειρε.

404 1492 504 1530 Mihi
530 1491 800 1539 ineptissima
826 1491 995 1529 videtur
1022 1491 1287 1530 scholiastae
1313 1490 1610 1539 interpretatio
1639 1521 1655 1538 ‚‚
1665 1500 1790 1529 curae
1809 1500 1908 1528 eum

347 1578 367 1605 o
401 1578 550 1605 somno
583 1567 871 1605 excitabant.”
905 1567 1073 1605 Etenim
1107 1567 1182 1604 vix
1210 1567 1441 1614 quidquam
1471 1566 1650 1614 eogitari
1677 1566 1814 1614 possit
1840 1565 1907 1604 ab·

346 1642 514 1680 surdius
547 1652 675 1689 quam
703 1642 828 1679 illud:
862 1652 1013 1689 „curae
1042 1653 1140 1680 eum
1169 1652 1190 1680 e
1217 1652 1369 1680 somno
1398 1640 1438 1679 ἐν
1465 1644 1583 1694 θυμῷ
1607 1641 1906 1687 excitabant'’;

346 1719 563 1765 praeterea
605 1717 641 1755 si
684 1716 802 1768 ἔγειρε
845 1718 925 1762 (vel
969 1716 1130 1768 ἕγειρον)
1174 1718 1242 1755 hie
1285 1719 1350 1755 est
1393 1717 1750 1765 excitabant,
1795 1716 1909 1754 male

345 1794 557 1831 omittitur
609 1794 823 1831 obiectum
868 1794 926 1830 fs.
970 1794 1050 1832 Sed
1094 1795 1172 1832 hoe
1215 1794 1386 1841 quidem
1436 1793 1592 1831 vitium
1641 1792 1906 1831 Scholiastae

347 1869 685 1916 interpretationi
718 1880 945 1907 commune
978 1871 1043 1907 est
1076 1880 1170 1907 eum
1206 1870 1388 1907 lectione
1420 1866 1564 1919 ἔπειρον
1598 1878 1728 1916 quam
1759 1877 1837 1906 Vos
1864 1868 1908 1906 et

347 1944 536 1982 Naberus
579 1945 903 1983 commendatis.
946 1945 1054 1992 Ergo
1098 1946 1172 1982 aut
1214 1942 1270 1982 ἐνὶ
1311 1947 1429 1998 θυμῷ
1473 1943 1715 1993 μελεδήματα
1747 1941 1907 1994 ἔγειρειν

348 2021 413 2058 est
468 2020 577 2058 fere:
640 2031 789 2068 „curas
836 2021 1200 2068 cogitationesque
1248 2021 1392 2059 animo
1439 2020 1640 2058 volvere'’
1689 2021 1763 2058 aut
1809 2029 1908 2058 eum

347 2095 534 2133 Nauckio
576 2096 803 2143 legendum
845 2094 979 2145 ἔχεσκε.
1024 2096 1103 2134 Sed
1146 2096 1249 2134 illud
1291 2096 1592 2134 verisimilius:
1631 2095 1759 2133 homo
1792 2095 1908 2133 enim

348 2170 488 2208 dolore
530 2171 670 2218 aliquo
712 2181 940 2218 oppressus
982 2181 1083 2209 suas
1127 2171 1216 2219 ipse
1258 2181 1382 2209 curas
1424 2171 1635 2218 Vigiles
1674 2170 1823 2209 reddit.
1857 2170 1910 2210 Et

347 2245 525 2283 Nauekii
557 2246 681 2284 lectio
715 2246 960 2293 nescioquid
992 2247 1121 2285 habet
1152 2247 1306 2295 frigidi.

408 2403 462 2440 46
495 2412 556 2449 sq.
591 2402 669 2440 His
701 2403 842 2441 verbis
873 2403 1150 2442 Pisistratum
1183 2414 1205 2441 e
1237 2413 1389 2442 somno
1421 2404 1583 2442 excitat
1599 2403 1906 2442 Telemachus:

598 2476 717 2528 ἔγρεο,
750 2478 967 2529 Νεστορίδη
1003 2478 1265 2530 Πεισίστρατε,
1297 2478 1479 2529 μώνυχας
1512 2478 1656 2525 ἵππους

602 2554 733 2599 ζεῦξον
768 2550 831 2601 ὑφ’
868 2550 998 2604 ἅρματ’
1036 2552 1156 2606 ἄγων,
1188 2552 1292 2605 ὄφρα
1324 2553 1559 2605 πρήσσωμεν
1592 2551 1712 2593 ὅὸοἶο.

410 2627 530 2674 Tum,
577 2629 621 2665 ut
663 2629 820 2677 opinor,
865 2631 978 2667 reete
1021 2631 1101 2668 duo
1143 2631 1389 2678 imperativi
1426 2628 1646 2676 ἀσυνδέτως
1679 2631 1907 2679 ponuntur,

351 2703 387 2739 si
434 2703 557 2750 prior,
606 2704 830 2750 tamquam
875 2705 1086 2750 quaedam
1133 2695 1384 2755 interiectio,
1435 2706 1600 2744 nullam
1645 2706 1738 2744 vim
1779 2705 1909 2744 habet

350 2779 563 2825 propriam
611 2779 683 2816 sed
731 2780 1029 2818 tantummodo
1077 2781 1254 2820 alterius
1300 2782 1390 2819 vim
1432 2783 1572 2829 auget.
1619 2781 1699 2819 Sed
1743 2779 1907 2833 ἔγρεο-

353 2853 485 2898 ζεῦξον
517 2853 632 2891 nullo
665 2854 951 2893 intercedente
983 2857 1153 2895 vinculo
1186 2857 1467 2896 durissimum
1500 2858 1567 2896 est
1600 2859 1643 2896 et
1673 2857 1749 2895 vix
1774 2856 1908 2895 feren-

352 2929 466 2966 dum.
507 2928 641 2976 Quare
669 2938 723 2966 ex
750 2926 860 2980 ἑέγρεε
887 2930 990 2968 illud
1017 2929 1123 2983 ἔγρεο
1151 2933 1303 2973 natum
1331 2932 1535 2981 suspicor.
1565 2931 1624 2971 Os.
1655 2948 1677 2970 υ
1709 2932 1792 2970 149
1820 2941 1882 2980 sq.
