2030 3439
1107 389 1162 427 90

654 516 691 554 εἴ
718 515 798 560 πώς
833 529 888 551 τοι
921 511 1107 550 δέσποινα
1141 509 1401 561 κοτεσσαμένη
1435 510 1633 564 χαλεπήνῃ

656 589 676 641 ἢ
705 587 888 634 Ὀδυσεὺς
922 587 1030 641 ἔλθῃ·
1063 587 1115 625 ἔτι
1146 586 1219 638 γὰρ
1253 585 1316 624 καὶ
1354 585 1542 632 Ρέλπίὸος
1576 582 1677 624 αἶσα.

418 668 560 714 Neque
603 667 701 714 quid
743 666 915 703 omnino
960 665 1065 702 haec
1096 663 1330 702 admonitio
1363 663 1443 701 sibi
1476 663 1580 701 velit
1611 662 1746 710 video,
1780 672 1916 709 neque

357 743 566 791 quomodo
615 753 711 780 cum
759 741 1037 789 praecedente
1085 739 1493 778 commemoratione
1529 739 1790 786 divitiarum,
1829 737 1914 784 qui-

358 819 435 857 bus
468 829 513 856 se
546 818 647 856 olim
681 817 920 855 abundasse
953 816 1134 863 Ulysses
1168 815 1281 864 dicit,
1322 815 1559 853 cohaereat.

421 971 500 1009 162
544 980 604 1017 sq.
648 969 708 1007 De
751 968 844 1006 dolo
885 967 1034 1016 Ulyssi
1072 969 1217 1005 narrat
1260 967 1469 1015 Penelope
1506 977 1587 1014 quo
1620 965 1783 1004 invisas
1815 976 1914 1013 nup-

357 1047 440 1084 tias
488 1047 672 1093 effugere
714 1045 771 1083 sit
813 1045 987 1091 conata;
1033 1055 1113 1091 quo
1156 1045 1362 1092 deprenso
1401 1054 1446 1082 se
1480 1044 1566 1081 iam
1599 1043 1799 1081 resistere
1832 1051 1916 1079 non

356 1132 480 1169 posse
512 1121 758 1169 parentibus
790 1119 960 1167 filioque
986 1120 1261 1168 poscentibus
1288 1122 1336 1158 ut
1361 1120 1488 1158 alicui
1514 1130 1738 1168 procorum
1770 1118 1915 1156 nubat.

356 1197 472 1235 Haec
504 1197 574 1234 ubi
607 1196 963 1234 commemoravit
995 1195 1133 1234 tristis
1165 1196 1320 1234 mulier
1352 1197 1503 1234 statim
1536 1195 1674 1234 addit:

562 1269 658 1309 ἀλλὰ
689 1269 755 1308 καὶ
787 1265 838 1317 ὧς
871 1285 936 1321 μοι
967 1268 1081 1309 fem}
1112 1270 1198 1309 τεὸν
1231 1269 1356 1323 γένος,
1388 1269 1570 1309 ὁππόθεν
1603 1269 1693 1309 ἐσσί·
1752 1324 1757 1327 ι

562 1345 609 1385 οὐ
641 1345 714 1398 γὰρ
747 1344 824 1385 ἀπὸ
857 1345 975 1398 δρυός
1008 1344 1089 1384 ἐσσι
1120 1346 1372 1396 παλαιφάτου
1407 1343 1492 1385 οὐδ’
1529 1344 1607 1385 ἀπὸ
1645 1343 1797 1396 πέτρης.

417 1423 560 1461 Obiter
593 1423 816 1471 aspicienti
848 1423 984 1461 mirus
1017 1424 1085 1461 hic
1117 1424 1327 1462 transitus
1359 1424 1549 1462 videtur:
1587 1433 1690 1472 „ego
1723 1423 1810 1461 iam
1832 1433 1917 1460 non

356 1508 532 1546 possum
564 1499 701 1537 vitare
733 1499 905 1547 nuptias
939 1499 1141 1538 istas....
1176 1500 1269 1538 sed
1301 1501 1487 1538 tamen
1519 1509 1646 1537 narra
1672 1498 1780 1536 mihi
1805 1498 1916 1536 unde

357 1574 416 1611 sis
450 1575 491 1611 et
523 1584 603 1621 quo
631 1584 784 1621 genere
811 1576 1088 1623 prognatus,”
1118 1568 1239 1622 quasi
1266 1586 1366 1614 vero
1395 1576 1500 1613 haec
1527 1575 1638 1612 inter
1665 1584 1711 1612 se
1739 1574 1914 1612 certent.

357 1650 437 1687 Sed
485 1660 528 1687 re
571 1650 812 1688 accuratius
853 1660 1063 1698 perpensa
1103 1652 1218 1689 recte
1260 1661 1306 1689 se
1349 1650 1495 1688 omnia
1526 1650 1682 1688 habere
1715 1651 1757 1687 et
1788 1659 1914 1687 venu-

356 1725 600 1763 stissimum
634 1736 728 1764 esse
760 1726 873 1764 hunc
899 1727 1041 1764 locum
1070 1727 1301 1775 apparebit.
1332 1726 1537 1774 Colloquii
1560 1726 1733 1764 initium
1760 1725 1920 1763 fecerat

356 1800 564 1848 Penelope
597 1801 647 1839 ab
681 1802 842 1840 usitata
874 1802 948 1840 illa
979 1802 1313 1851 interrogatione
1348 1806 1424 1847 (vs.
1464 1803 1583 1847 roffi:

531 1876 585 1922 τίς
617 1876 745 1915 πόθεν
777 1873 852 1915 ἐ’σσ’
888 1875 1066 1928 ἀνδρῶνς
1099 1877 1198 1916 πόθι
1227 1892 1284 1916 τοι
1315 1877 1426 1924 πόλις
1458 1875 1527 1928 ἠδὲ
1558 1882 1716 1928 τοκῆες;

355 1951 435 1989 Hic
480 1952 672 2000 Ulysses,
718 1963 853 2000 neque
896 1964 941 1992 se
974 1954 1160 1992 indicare
1193 1954 1342 1992 volens
1374 1964 1510 2001 neque
1542 1952 1643 1992 ficta
1674 1953 1918 1992 narratione

355 2038 535 2066 uxorem
577 2028 734 2077 fallere,
779 2031 901 2077 rogat
944 2040 1039 2067 eam
1082 2040 1135 2069 ne
1178 2040 1223 2068 se
1257 2031 1381 2078 cogat
1416 2029 1605 2068 dolorem
1637 2028 1835 2067 refricare
1868 2028 1918 2067 de

355 2113 433 2140 sua
475 2103 565 2141 vita
610 2105 843 2152 narrand03
889 2115 1054 2152 quoque
1097 2106 1237 2153 magis
1280 2116 1376 2144 eam
1418 2104 1613 2153 precibus
1646 2104 1736 2142 suis
1769 2104 1918 2142 reddat

355 2179 594 2227 propitiam,
641 2180 690 2217 ab
725 2180 815 2218 eius
849 2181 997 2229 incipit
1027 2181 1224 2219 laudibus
1256 2181 1409 2228 quibus
1442 2181 1552 2229 apud
1585 2190 1735 2218 omnes
1767 2181 1917 2227 gentes

356 2253 428 2291 illa
460 2254 619 2292 floreat.
654 2255 898 2303 Respondet
930 2256 1138 2304 Penelope
1171 2267 1216 2294 se
1250 2255 1450 2303 quidquid
1484 2266 1508 2293 a
1540 2257 1694 2293 natura
1721 2255 1918 2293 habuerit

355 2328 453 2366 boni
500 2330 753 2378 iampridem
801 2332 1022 2370 amisisse:
1071 2332 1124 2370 iis
1166 2333 1281 2370 enim
1324 2342 1370 2369 se
1409 2331 1698 2370 conflictatam
1730 2330 1917 2368 miseriis

357 2404 508 2451 quibus
586 2406 755 2444 animus
818 2417 1052 2455 corpusque
1112 2408 1376 2456 frangantur.
1444 2406 1556 2455 Quas
1616 2406 1689 2444 ubi
1751 2406 1918 2454 copiose

357 2481 625 2518 enumeravit
672 2483 765 2519 tum
813 2483 992 2530 denique
1039 2493 1089 2521 ea
1135 2483 1355 2530 subiungit
1401 2492 1508 2529 quae
1557 2482 1787 2520 citavimus
1838 2482 1917 2520 hoc

356 2556 442 2593 fere
500 2565 651 2594 sensu:
713 2558 813 2605 „sed
869 2557 1098 2596 mittamus
1149 2558 1292 2597 tristia
1343 2558 1416 2596 illa
1462 2560 1504 2596 et
1552 2559 1604 2596 ad
1650 2558 1918 2606 propositum

356 2631 624 2670 redeamus.”

419 2783 498 2820 165
532 2792 594 2829 sq.
629 2782 709 2821 Hic
740 2783 942 2831 Ulysses:

681 2852 709 2895 ὦ
741 2858 859 2909 γύναι
892 2859 1022 2910 αἰδοίη
1056 2858 1287 2912 Λαερτιάδα’
1319 2858 1523 2911 Ὀδυσῆος,

681 2930 799 2972 οὐκέτ’
838 2932 1065 2985 ἀπολλήξεις
1098 2935 1164 2974 τὸν
1197 2934 1290 2986 ἐμὸν
1322 2935 1441 2988 γόνον
1474 2935 1698 2988 ἐξερέουσα;
