2030 3439
867 342 946 378 119

121 464 221 500 runt
256 462 497 501 Homerica.
532 463 597 501 Ita
630 463 917 502 Kirchhoffius
951 474 980 511 ψ
1015 466 1097 503 293
1131 477 1220 513 sqq.
1257 467 1323 504 ubi
1359 478 1467 504 nunc
1501 468 1676 514 legitur:

326 540 449 576 τοῖσιν
481 534 518 576 δ’
556 537 776 589 Εὐρυνόμη
808 540 1091 590 θαλαμηπόλος
1127 538 1336 593 ἡγεμόνευε

325 611 565 664 ἐρχομένοισι
595 611 763 665 λέχοσδε,
794 614 888 662 δάος
920 614 1014 665 μετὰ
1046 615 1174 667 χερσὶν
1207 615 1358 667 ἔχουσα·

181 689 264 728 295
326 687 364 735 ἐς
395 688 580 739 θάλαμον
613 686 650 728 δ’
687 688 891 742 ἀγαγοῦσα
922 691 1039 729 πάλιν
1068 688 1176 730 'niem
1210 692 1248 730 οἳ
1279 689 1349 741 μὲν
1384 691 1513 730 ἔπειτα

327 762 513 803 ἀσπάσιοι
544 762 715 816 λέκτροιο
749 768 920 804 παλαιοῦ
952 765 1104 816 θεσμὸν
1137 766 1278 805 ἵκοντο.

324 838 448 889 αὐτὰρ
484 837 704 890 Τηλέμαχος
736 839 801 878 καὶ
833 840 1023 891 βουκόλος
1056 839 1119 879 κτέ

119 916 361 964 suspicatur
402 916 543 964 ipsum
587 917 758 964 poetam
801 917 1024 964 scripsisse
1067 913 1102 953 δ’
1140 913 1194 965 ἄρ’
1238 925 1325 964 (pro
1361 915 1429 963 μέν
1462 928 1524 955 vs.
1567 918 1676 965 295),

118 991 435 1030 diasceuastam
467 993 614 1030 autem
641 989 711 1040 μέν
738 992 1015 1030 substituisse
1043 994 1089 1030 ut
1118 992 1213 1030 addi
1241 994 1415 1040 possent
1442 993 1677 1040 sequentia.

120 1066 223 1104 Mihi
257 1077 358 1105 vero
391 1066 497 1105 ista:

891 1142 928 1179 οἳ
959 1137 994 1180 δ’
1032 1137 1087 1192 ἂρ’
1124 1140 1253 1180 ἔπειτα

323 1215 510 1256 ἀσπάσιοι
540 1215 712 1267 λέκτροιο
744 1220 915 1255 παλαιοῦ
949 1216 1100 1267 θεσμὸν
1133 1212 1262 1256 ἴκόντο

119 1293 358 1332 clausulam
417 1293 585 1332 efficere
643 1293 847 1332 carminis
906 1294 1104 1331 videntur
1161 1294 1327 1331 oratore
1379 1303 1507 1340 quam
1556 1296 1680 1341 poeta

122 1369 372 1417 digniorem.
423 1369 582 1408 Eadem
630 1380 760 1407 causa
807 1370 873 1407 est
921 1379 994 1407 cur
1041 1369 1208 1416 probari
1256 1369 1362 1406 mihi
1410 1378 1492 1406 non
1545 1370 1680 1416 possit

121 1444 276 1483 Naberi
317 1445 544 1492 sententia,
589 1445 660 1492 qui
704 1445 747 1482 in
780 1445 961 1492 egregiis
995 1444 1079 1482 illis
1113 1444 1556 1491 Quaestionibus
1589 1445 1678 1482 Ho-

119 1520 372 1568 mericis,
421 1521 654 1568 postquam
701 1520 840 1558 multa
887 1520 1007 1558 docte
1056 1522 1182 1567 atque
1232 1521 1355 1557 acute
1403 1519 1452 1557 dc
1500 1519 1679 1567 pristina

120 1596 266 1634 Iliadis
297 1596 436 1634 forma
467 1596 715 1644 disputavit,
751 1597 925 1634 tandem
958 1607 1049 1634 rem
1083 1606 1130 1633 eo
1163 1596 1365 1643 perducit,
1402 1597 1448 1633 ut
1480 1596 1678 1633 vetustis-

121 1671 282 1710 simum
330 1672 380 1710 de
428 1672 607 1710 Achillis
652 1673 714 1710 ira
761 1682 935 1710 carmen
976 1671 1146 1709 finitum
1190 1672 1321 1709 fuisse
1365 1672 1527 1709 statuat
1560 1671 1678 1718 gravi

119 1748 200 1786 hac
230 1749 357 1796 atque
390 1748 611 1796 splendida
648 1748 936 1796 peroratione:

356 1821 536 1874 ἠρόμεθα
568 1821 664 1874 μέγα
695 1823 830 1872 κῦδος,
862 1821 1084 1872 ἐπέφνομεν
1104 1820 1274 1872 ’Έκτορα
1314 1821 1410 1859 ὁῖον.

179 1899 346 1938 Addam
388 1899 558 1948 aliquid,
608 1900 718 1947 quod
757 1899 906 1937 multis
949 1900 1107 1936 mirum
1145 1898 1355 1936 videbitur
1387 1898 1580 1944 fortasse,
1619 1899 1675 1934 at-

119 1984 200 2021 que
246 1974 497 2012 iamdudum
546 1975 772 2022 explosum
824 1975 1166 2020 refut-citumque:
1216 1975 1259 2010 at
1306 1973 1411 2010 mihi
1460 1974 1573 2009 certa
1612 1972 1679 2009 hic

118 2050 207 2087 stat
253 2049 480 2098 sententia,
525 2051 567 2088 et
609 2060 690 2097 quo
734 2050 874 2097 magis
917 2059 1013 2087 eam
1052 2049 1196 2086 animo
1230 2048 1401 2085 revolvo
1434 2057 1482 2084 eo
1515 2046 1563 2084 fit
1596 2057 1678 2084 cer-

118 2125 213 2163 tior.
246 2125 312 2162 Ad
344 2125 557 2163 Achillem
590 2125 875 2163 dormientem
902 2124 1086 2162 Patrocli
1116 2124 1232 2161 venit
1261 2123 1436 2160 umbra:
1466 2122 1680 2169 vituperat

120 2210 220 2238 eum
251 2201 360 2247 quod
393 2200 643 2239 dulcissimo
677 2201 816 2239 amico
850 2200 1009 2238 amisso
1043 2209 1244 2237 somnum
1278 2208 1426 2245 capere
1459 2198 1604 2245 possit,
1636 2199 1681 2235 ut

118 2275 184 2313 sui
217 2276 460 2314 recordetur
492 2276 707 2324 admonet,
743 2278 789 2313 ut
822 2275 1066 2323 sepulturae
1099 2284 1201 2311 suae
1234 2284 1363 2320 quam
1396 2274 1583 2320 primum
1611 2272 1682 2310 det

120 2361 294 2399 operam
331 2351 538 2389 hortatur.
574 2351 655 2389 Sed
688 2351 817 2389 simul
847 2351 883 2388 ei
912 2351 1085 2388 revocat
1113 2349 1154 2386 in
1182 2351 1373 2386 mentem
1401 2358 1529 2395 quain
1558 2348 1683 2395 longa

121 2437 334 2474 quamque
376 2425 501 2464 firma
543 2427 654 2464 inter
697 2437 743 2464 se
785 2426 917 2464 iuncti
959 2425 1117 2463 fuerint
1150 2424 1361 2470 amiciti-<13
1396 2433 1421 2460 a
1453 2433 1531 2460 suo
1563 2424 1682 2470 patre

119 2512 166 2540 se
213 2501 317 2540 olim
364 2502 416 2540 ad
464 2502 644 2540 Achillis
693 2503 860 2549 patrem
907 2500 1137 2538 adductum
1182 2500 1503 2544 commemorat,
1548 2507 1682 2544 neque

121 2577 274 2615 addere
309 2577 488 2625 negligit
522 2587 595 2615 cur
627 2577 789 2615 sactum
822 2575 925 2613 illud
957 2575 1036 2620 sit;
1072 2574 1167 2612 inde
1201 2585 1224 2612 a
1258 2574 1380 2612 Peleo
1414 2574 1605 2611 maxima
1638 2584 1682 2611 se

123 2653 352 2691 educatum
400 2663 500 2691 cura
549 2652 811 2698 Achillisque
858 2650 1021 2688 factum
1070 2650 1271 2687 clientem
1318 2650 1444 2694 atque
1492 2649 1532 2685 in
1576 2648 1683 2685 bello

125 2727 388 2766 ministrum.
422 2728 613 2775 Denique
647 2728 774 2764 hasce
807 2735 953 2773 preces
986 2724 1178 2762 subiicit:

361 2797 413 2849 ὧς
446 2799 580 2840 δὲκαὶ
612 2799 724 2840 ὀστέα
756 2806 853 2838 νῶιν
885 2797 960 2848 ὁμὴ
993 2798 1107 2849 σόρος
1139 2796 1430 2847 ἀμφικαλύπτοι

364 2877 525 2928 χρύσεος
558 2875 821 2927 ἀμφιφορεύς,
852 2873 918 2913 τόν
950 2889 1007 2913 τοι
1033 2870 1144 2924 ’πόρε
1176 2872 1315 2911 πότνια
1347 2871 1483 2921 μήτηρ.
