2030 3439
1046 320 1125 356 1:30

366 444 475 491 Mihi,
520 455 570 481 nc
608 445 706 491 quid
739 445 1021 493 dissimulem7
1056 445 1322 492 lepidissima
1353 446 1458 484 haec
1491 446 1699 494 videntur,
1735 457 1859 483 venu-
1886 500 1890 504 .

299 519 505 567 stissima,
536 520 786 567 plenissima
812 521 984 558 nativae
1011 520 1314 568 simplicitatis.
1344 522 1437 559 Non
1460 521 1566 559 satis
1585 522 1651 558 est
1668 522 1861 560 Patroclo

300 605 398 632 ossa
430 606 507 632 sua
539 596 750 642 amicique
784 596 933 633 eadem
966 606 1072 633 urna
1104 596 1238 644 condi,
1273 596 1355 634 nisi
1389 607 1438 635 ea
1471 597 1707 634 condantur
1740 607 1857 644 urna,

300 681 428 716 quam
471 671 575 708 bene
613 672 761 708 notam
793 671 949 709 habeat
981 673 1170 719 uterque,
1205 683 1334 719 quam
1368 672 1524 710 Achilli
1556 672 1664 709 dono
1699 672 1861 710 dederit

302 747 451 794 mater,
497 757 709 793 quamque
751 747 840 794 ipse
883 748 1011 785 toties
1053 748 1167 785 Pelei
1206 748 1320 785 domi
1353 748 1409 786 sit
1441 748 1692 786 admiratus,
1726 748 1862 786 Aliter

303 821 444 858 visum
486 822 621 859 doctis
664 822 979 871 Alexandrinis
1024 823 1094 870 qui
1127 823 1315 870 primum
1347 821 1500 872 ἀπρεπῆ
1533 822 1660 872 στίχον
1692 824 1860 871 vocant,

303 897 452 934 deinde
470 898 521 934 ad
540 899 704 935 certum
723 898 901 936 heroum
918 909 1046 936 usum
1065 899 1107 935 in
1126 898 1368 946 corporibus
1387 900 1654 937 mortuorum
1674 909 1861 936 creman-

304 973 367 1009 dis
395 973 733 1020 sepeliendisque
761 976 1005 1021 provocant.
1037 974 1165 1022 Quasi
1183 985 1283 1012 Vero
1301 976 1426 1022 poeta
1455 974 1717 1012 enchiridion
1735 974 1861 1022 scrip-

303 1048 407 1085 serit
435 1049 704 1095 antiquitatis
733 1050 998 1098 Homericae7
1029 1050 1308 1097 hominesque
1336 1050 1409 1098 1111,
1438 1060 1522 1087 non
1549 1060 1652 1088 suae
1670 1051 1860 1098 naturae,

305 1125 605 1162 convenienter
637 1125 860 1172 loquentes
889 1125 1116 1163 induxerit.
1147 1126 1203 1163 At
1231 1136 1306 1173 ego
1335 1126 1406 1163 illo
1436 1136 1562 1163 versu
1590 1125 1753 1163 abiecto
1782 1136 1866 1164 non

305 1200 391 1237 iam
424 1200 669 1237 Patroclum
702 1201 874 1239 flentem
912 1202 1242 1248 precantemque
1276 1202 1399 1239 audio
1432 1202 1505 1239 sed
1539 1202 1764 1249 oratorem,
1795 1201 1865 1248 qui

303 1277 500 1314 accurate
534 1276 757 1314 elimatam
789 1277 1147 1315 declamationem
1174 1277 1355 1315 rotunda
1383 1277 1567 1324 quadam
1596 1277 1865 1324 perfectaque

304 1352 474 1399 periodo
513 1362 610 1389 cum
648 1352 813 1400 clausit,
848 1351 982 1402 εἴρηκα
1014 1353 1082 1390 vel
1116 1351 1215 1390 οὕτω
1248 1351 1396 1402 γένοιτο
1431 1363 1589 1400 magna
1620 1353 1866 1400 pronuntiet

305 1427 422 1465 vocis
455 1428 680 1475 gravitate.

362 1578 445 1615 408
489 1588 578 1625 sqq.
624 1578 830 1625 Euryclea
871 1589 1020 1626 procos
1063 1580 1222 1616 stratos
1265 1579 1511 1626 occisosque
1544 1579 1693 1616 videns
1724 1576 1865 1615 ἴθυσέν

304 1650 541 1704 ῥ’ὀλολκῦξαι,
573 1655 646 1692 sed
680 1655 857 1693 retinuit
889 1666 984 1693 eam
1018 1656 1197 1703 Ulysses
1234 1656 1296 1694 sic
1327 1656 1558 1702 loquendo:

362 1731 443 1768 411
568 1728 609 1767 ἐν
641 1733 772 1783 θυμῷ,
803 1735 917 1780 γρηῦ,
948 1733 1055 1781 χαῖρε
1085 1729 1151 1768 καὶ
1183 1730 1286 1781 ἴσχεο
1320 1726 1416 1780 μηδ’
1454 1727 1619 1776 ὀλόλυζε·

568 1803 637 1854 οὐχ
670 1802 757 1854 ὁσίη
789 1803 1035 1854 κταμένοισιν
1068 1801 1120 1843 ἐπ’
1158 1804 1349 1856 ἀνδράσιν
1380 1805 1641 1856 εὐχετάεσθαι.

361 1882 452 1919 Νο11
509 1881 649 1918 ausim
702 1882 869 1928 obloqui
917 1882 1051 1919 doctis
1099 1882 1447 1920 annotationibus
1494 1882 1663 1929 vestris,
1713 1881 1865 1928 quibus

304 1958 490 2005 primurn
525 1957 705 1994 verbum
739 1953 919 2003 ὀλολῦξαι
947 1958 1008 1995 sic
1035 1958 1402 2005 interpretamini:
1432 1958 1548 1995 alta
1575 1967 1708 1995 voce
1735 1957 1866 1994 deos

304 2033 590 2080 invocare,
626 2033 775 2070 deinde
808 2043 870 2070 vs.
901 2034 985 2071 412
1015 2034 1076 2071 sic
1104 2034 1354 2071 illustratis:
1390 2034 1576 2082 „nefas
1604 2034 1689 2071 est
1716 2033 1866 2070 inter

303 2118 591 2145 caesorum
626 2108 909 2146 hominum
943 2120 1176 2157 corpora
1209 2110 1339 2147 deos
1366 2109 1610 2157 precari3
1640 2109 1682 2146 cf
1707 2110 1737 2145 Z
1766 2109 1863 2146 268.

302 2183 394 2220 Non
426 2183 680 2220 vertendum
713 2194 808 2221 esse
835 2184 1075 2231 gloriari
1104 2195 1266 2223 caeso
1294 2186 1457 2223 hoste
1484 2185 1709 2222 verissime
1727 2184 1863 2222 obser-

302 2259 428 2295 vatur
470 2259 511 2295 in
554 2258 699 2306 schol„
742 2259 814 2296 ubi
856 2261 953 2307 apte
997 2261 1174 2298 affertur
1221 2263 1255 2297 A
1297 2262 1406 2307 449;
1451 2261 1512 2298 sic
1543 2262 1691 2298 tamen
1721 2260 1863 2298 locum

304 2335 518 2381 accepisse
551 2335 719 2372 videtur
752 2336 1033 2374 Archilochus
1066 2348 1090 2374 a
1124 2337 1255 2375 schol.
1290 2338 1446 2375 allatus
1480 2338 1542 2381 (fr.
1577 2338 1670 2381 effi:

525 2408 571 2446 οὐ
604 2408 676 2460 γὰρ
710 2408 832 2447 ἐσθλὰ
863 2414 1108 2449 κατθανοῦσι
1140 2415 1337 2463 κερτομεῖν
1370 2408 1432 2450 ἐπ’
1454 2410 1659 2461 ἀνδράσι.”

365 2486 443 2522 Sed
502 2495 611 2522 nunc
658 2496 742 2523 non
790 2486 911 2524 video
960 2488 1169 2534 quomodo
1218 2498 1316 2525 cuin
1364 2498 1426 2525 vs.
1474 2488 1557 2525 412
1607 2487 1863 2525 cohaereant

302 2562 531 2608 sequentes
563 2570 736 2598 versus:

509 2635 646 2673 τούσδε
680 2633 720 2672 δὲ
754 2632 851 2686 μοῖρ’
889 2635 1081 2686 ἐδάμασσε
1113 2640 1221 2675 θεῶν
1253 2635 1318 2674 καὶ
1349 2635 1497 2687 σχέτλια
1529 2635 1663 2689 Ἑέργα·

506 2709 553 2748 οὔ
585 2726 671 2748 τινα
702 2709 774 2761 γὰρ
802 2708 968 2750 ’τίεσκον
1003 2711 1242 2763 ἐπιχθονίων
1276 2711 1516 2763 ἀνθρώπων,

360 2788 443 2825 415
508 2786 554 2825 οὐ
587 2785 709 2824 κακὸν
742 2784 835 2824 οὐδὲ
868 2785 938 2836 μὲν
971 2787 1128 2838 ἐσθλὸν,
1160 2788 1238 2835 ὅτις
1270 2787 1392 2837 σφέας
1425 2788 1676 2837 εἰσαφίκοιτο·

505 2869 555 2914 τῷ
587 2859 653 2898 καὶ
685 2860 971 2915 ἀτασθαλίῃσιν
1004 2861 1163 2901 ἀᾟεικέα
1197 2863 1346 2913 πότμον
1379 2861 1557 2901 ἐπέσπον.
