2030 3439
1100 379 1154 418 52

359 508 696 549 removebam’'?
736 507 894 545 Parum
936 503 1171 542 verisimile
1206 503 1286 542 hoc
1319 504 1497 552 videtur,
1532 512 1630 541 cum
1662 500 1916 550 praesertim

361 583 399 631 ἐς
441 590 517 634 νῆα
559 583 783 632 praecedat
826 583 868 619 et
895 576 984 629 μεθ’
1031 577 1206 629 ἑταίρους
1238 581 1455 627 sequatur.
1489 577 1768 625 Participium
1800 576 1933 614 enim·

361 661 509 699 aoristi
541 657 784 707 σκεψάμενος
817 655 899 694 dici
930 655 1230 693 tantummodo
1263 656 1405 703 potest
1437 655 1487 692 de
1516 664 1566 692 ea
1592 664 1636 691 re
1664 662 1794 700 quam
1821 651 1916 699 quis

361 746 443 774 uno
477 734 682 782 temporis
714 732 934 770 momento
967 731 1106 769 facere
1138 730 1298 778 incipit,
1333 740 1418 769 non
1450 730 1500 767 de
1533 739 1583 767 ea
1615 738 1744 776 quam
1776 727 1916 765 facere

360 810 508 858 pergit.
553 810 628 846 Est
664 818 762 855 ergo
796 805 1039 855 σκεψάμενος
1073 801 1110 843 δ’
1148 803 1185 851 ἐς
1217 811 1293 855 νῆα
1325 805 1454 855 θοήνε
1493 805 1652 854 „oculis
1684 805 1728 842 in
1759 814 1916 842 navem

361 885 614 924 coniectis'’:
660 885 703 921 at
745 893 829 920 non
871 881 1039 920 simul
1079 880 1186 931 (ἅμα)
1218 881 1400 929 Ulysses
1433 882 1476 919 et
1508 881 1631 919 sedes
1664 879 1817 927 aspicit
1846 878 1918 916 ubi

361 961 506 998 miseri
550 959 610 997 1111
652 958 851 996 sederant
894 959 937 995 et
978 956 1093 1004 ipsos
1135 967 1157 994 e
1201 957 1367 1005 Scyllae
1399 957 1508 995 rictu
1540 956 1787 1004 pendentes.
1822 955 1916 992 For-

359 1039 476 1075 tasse
509 1036 550 1073 in
584 1034 661 1083 ἑέμα
697 1033 765 1071 καί
794 1033 890 1071 vitii
922 1033 1028 1070 latet
1060 1032 1232 1079 aliquid.

420 1186 501 1223 289
555 1195 615 1231 sq.
659 1183 807 1230 Ulyssi
849 1182 911 1220 sic
953 1182 1209 1230 persuadere
1252 1184 1429 1221 conatur
1470 1182 1736 1230 Eurylochus
1777 1183 1825 1219 ut
1867 1181 1919 1219 ad

361 1261 469 1298 Solis
511 1259 697 1297 insulam
740 1258 947 1306 appellat:
995 1258 1110 1305 „iam
1151 1259 1285 1297 instat
1327 1269 1435 1297 nox:
1485 1258 1695 1306 quomodo
1734 1257 1920 1305 effugere

359 1336 574 1384 possimus
616 1335 802 1372 mortem
845 1333 881 1371 si
923 1344 997 1381 per
1037 1334 1237 1372 tenebras
1279 1334 1582 1382 navigantibus
1624 1331 1752 1372 nobis
1779 1334 1919 1372 subito

358 1412 517 1449 orlatur
549 1409 733 1458 procella
743 1410 791 1446 ‘3⁵’

625 1482 649 1535 ἢ
682 1484 816 1522 Νότου
849 1482 874 1535 ἢ
909 1485 1105 1535 Ζεφύροιο
1139 1484 1326 1533 δυσαέος;
1358 1486 1462 1524 οἵτε
1496 1486 1658 1536 μάλιστα

627 1565 703 1609 νῆα
737 1559 996 1610 διαρραίουσι,
1027 1564 1136 1599 θεῶν
1168 1559 1331 1612 ἇῐέκητι
1361 1561 1594 1607 ,Ρανάκτωνς

422 1636 595 1685 Spurios
627 1635 755 1673 hosce
783 1645 934 1674 versus
963 1647 1128 1676 censeo.
1159 1637 1260 1686 Quis
1288 1638 1403 1676 enirn
1429 1649 1620 1685 unquam
1647 1638 1744 1676 illos
1769 1639 1922 1676 ventos

363 1712 515 1751 ceteris
548 1711 746 1749 omnibus
779 1712 918 1759 magis
952 1713 1159 1752 exitiosos
1191 1714 1373 1752 navibus
1406 1714 1601 1752 audivit?
1632 1714 1686 1752 Et
1717 1714 1924 1752 vocabula

360 1793 466 1826 θεῶν
515 1786 676 1837 ἀὶέκητι
722 1786 934 1825 ,Ρανάκτων
982 1799 1157 1827 versum
1205 1790 1377 1837 quidem
1424 1790 1605 1838 implent
1651 1790 1725 1828 sed
1767 1800 1922 1828 sanum

362 1875 446 1903 non
472 1863 677 1912 praebent
707 1873 897 1901 sensum.
927 1864 1033 1902 Prae
1052 1865 1205 1903 ceteris
1221 1876 1322 1903 vero
1341 1866 1455 1903 istud
1472 1864 1682 1903 favoimmv
1699 1865 1924 1904 falsarium

362 1940 511 1989 prodit,
563 1939 646 1987 qui,
702 1938 932 1978 dummodo
985 1940 1125 1979 iustus
1167 1941 1338 1979 adesset
1392 1941 1655 1988 syllabarum
1704 1952 1922 1990 numerus,

362 2017 581 2064 praeterea
614 2014 826 2052 curaverit
859 2015 977 2054 nihil.
