2030 3439
1045 329 1125 365 118

302 456 474 492 :384——9
522 453 781 491 damnantis.
827 453 1095 500 Quamquam
1140 453 1256 490 totus
1289 454 1407 491 locus
1439 453 1547 491 satis
1581 454 1646 490 est
1679 453 1860 501 ineptus,

303 531 371 568 ubi
405 530 515 578 proci
552 529 611 566 1111
646 527 870 566 exanimes
903 529 1206 575 comparantur
1240 539 1337 567 cum
1371 528 1570 577 piscibus,
1605 528 1698 575 qui:

508 599 655 653 κύμαθ’
691 600 782 649 ἁλὸς
814 600 1028 648 ποθέοντες
1061 600 1124 640 ἐπὶ
1156 602 1383 653 ψαμάθοισι
1415 601 1603 653 κέχυνται.

362 682 505 719 Pisces
553 680 680 727 enim,
731 679 801 726 qui
849 679 973 717 effusi
1022 679 1162 716 iacent
1208 679 1251 716 in
1293 679 1417 717 litore
1460 680 1632 717 maris
1666 679 1863 717 undam

302 757 601 795 desiderari
614 757 720 803 tes,
751 754 912 792 saliunt
939 756 987 792 ut
1014 754 1172 802 opinor.
1204 754 1339 802 Quam
1368 755 1551 792 absurda
1574 756 1688 793 esset
1707 755 1861 803 imago,

302 832 510 869 recentior
543 831 716 878 quidam
749 830 1027 877 interpolator
1059 829 1195 867 sensit
1229 840 1410 877 ergoque
1450 831 1497 868 ut
1530 830 1644 868 malo
1678 831 1863 868 medere-

303 909 372 945 tur
404 907 616 944 insulsum
650 916 824 943 versum
872 905 1046 943 adiecit:

598 986 674 1017 τῶν
707 978 776 1029 μέν
809 975 834 1017 τ’
872 977 998 1029 ἠέλιος
1030 977 1197 1028 φαέθων
1230 978 1388 1026 ἐξείλετο
1422 979 1567 1030 θυμόν

303 1058 569 1104 alterumque
603 1059 747 1104 aperte
780 1057 1091 1104 repugnantem
1124 1056 1498 1103 praecedentibus:

510 1126 562 1178 ὦς
593 1127 664 1170 τότ’
699 1129 775 1183 ἄρα
807 1136 1022 1182 μνηστῆρες
1057 1127 1119 1169 ἐπ’
1156 1127 1418 1181 άλλήλοισ’
1453 1130 1642 1182 ἔκεχυντο.

362 1209 472 1246 Nan]
504 1208 643 1256 pisces
677 1205 757 1245 ἐπὶ
789 1206 1092 1257 ψαμάθοισι
1123 1205 1325 1257 κέχυνται;
1370 1209 1618 1256 dispersi
1651 1209 1792 1250 iacent
1823 1209 1866 1246 in

305 1284 440 1321 litore.

364 1436 447 1473 :395
497 1445 586 1482 sqq.
636 1435 866 1472 Procorum
924 1435 1090 1472 nullum
1142 1445 1367 1482 superesse
1416 1435 1486 1472 ubi
1535 1435 1640 1473 vidit
1686 1436 1866 1483 Ulysses

306 1511 441 1548 filium
484 1511 600 1548 iubet
642 1511 897 1557 Eurycleain
930 1521 1104 1557 vocare;
1140 1511 1209 1548 ille
1243 1512 1388 1549 autem
1422 1510 1582 1549 foribus
1615 1512 1774 1558 apertis
1806 1512 1868 1550 sic

307 1587 596 1633 grandaevam
629 1586 840 1624 nutricem
875 1586 1126 1633 alloquitur:

511 1662 626 1713 δεῦρο
662 1660 711 1712 δὴ
745 1660 850 1713 ὄρσο,
880 1667 980 1713 γρῆυ
1013 1659 1258 1713 παλαιγενὲς,
1288 1661 1314 1712 ἤ
1345 1676 1382 1700 τε
1415 1667 1615 1713 γυναικῶν

512 1737 681 1792 δμῳάων
713 1737 858 1783 σκοπός
890 1736 972 1776 ε’σσι
1003 1736 1100 1776 κατὰ
1134 1734 1263 1789 μέγαρ’
1299 1735 1532 1789 ἡμετεράων·

509 1811 625 1863 ἔρχεο·
659 1811 855 1866 κικλῄσκει
887 1823 929 1850 σε
960 1811 1086 1864 πατὴρ
1119 1811 1224 1863 ἐμὸς,
1255 1811 1360 1864 ὄφρα
1392 1828 1426 1851 τι
1458 1812 1589 1866 Ὲείπῃ.

364 1890 456 1938 Hic,
506 1891 734 1937 postquam
781 1890 830 1927 de
878 1890 1131 1928 lectionibus
1179 1886 1270 1939 ὄρσο
1314 1891 1356 1928 et
1398 1887 1509 1939 ὄρσεο
1542 1890 1726 1938 dixistis,
1761 1890 1866 1928 haec

307 1966 485 2003 additis:
540 1966 686 2013 „nobis
734 1966 897 2013 tragica
943 1976 1149 2004 versuum
1199 1967 1281 2004 395
1325 1976 1387 2014 sq.
1422 1966 1661 2004 verbositas
1694 1966 1868 2014 gravius

308 2041 439 2078 etiam
487 2042 682 2089 displicet
724 2052 853 2089 quam
896 2043 1085 2079 metrum
1119 2042 1457 2080 duriusculum.”
1493 2042 1606 2090 Quae
1638 2041 1868 2080 verissima

308 2118 373 2154 est
420 2117 837 2164 prudentissimaque
886 2118 1112 2165 sententia,
1158 2117 1240 2155 nisi
1284 2118 1392 2165 quod
1436 2118 1694 2156 rhetoricam
1726 2116 1869 2165 potius

309 2202 511 2238 pompam
560 2192 627 2230 hic
674 2193 907 2230 notandam
956 2202 1107 2230 censeo
1156 2203 1284 2239 quam
1332 2193 1554 2240 tragicam.
1602 2193 1763 2230 Rhetor
1801 2192 1870 2229 hic

311 2268 592 2305 Telemachus
625 2267 811 2315 fingitur.
847 2268 952 2316 Quid
981 2269 1128 2306 enim?
1156 2269 1382 2306 Peractum
1410 2270 1476 2306 est
1502 2268 1723 2316 proelium,
1754 2269 1870 2305 certa

311 2344 377 2380 est
423 2343 614 2390 victoria,
664 2354 775 2380 nunc
824 2344 893 2381 ille
938 2344 979 2381 in
1022 2344 1180 2391 apertis
1223 2345 1344 2381 stans
1377 2343 1538 2381 foribus
1571 2343 1706 2381 altera
1737 2352 1870 2380 manu

312 2419 478 2465 patrem
526 2420 773 2456 monstrans
820 2419 1027 2466 sanguine
1070 2419 1290 2466 perfusum
1324 2428 1633 2466 procorurnque
1667 2417 1870 2455 exanima

311 2503 496 2541 corpora,
533 2494 666 2531 altera
698 2494 910 2531 nutricem
943 2494 993 2531 acl
1028 2505 1073 2532 se
1107 2504 1277 2542 vocans,
1312 2494 1590 2541 grandiloqua
1623 2493 1702 2531 hac
1734 2493 1869 2531 utitur

310 2569 512 2616 oratione,
562 2579 669 2615 quae
718 2569 867 2616 longae
910 2569 1143 2607 narrationi
1186 2569 1455 2617 splendidum
1489 2569 1682 2616 imponat
1713 2567 1866 2606 finem:

316 2654 478 2691 „surge‚
529 2645 771 2691 grandaeva
814 2644 972 2691 nutrix⁷
1018 2655 1124 2691 quae
1168 2645 1209 2681 in
1244 2644 1402 2682 nostris
1436 2643 1610 2681 aedibus
1644 2653 1868 2681 servarum

310 2730 355 2757 es
390 2720 610 2767 magistra,
641 2721 767 2766 atque
795 2720 876 2756 huc
904 2719 1023 2756 veni:
1054 2721 1174 2766 pater
1201 2721 1243 2756 te
1270 2719 1437 2756 vocat'’.
1469 2718 1695 2756 Rhetorica
1722 2719 1868 2756 autem

310 2795 393 2831 ista
426 2793 612 2843 σεμνότης
645 2795 761 2842 poesi
791 2795 908 2841 epica
935 2794 1058 2841 longe
1087 2794 1267 2832 arcenda
1295 2795 1372 2831 est.
1403 2794 1494 2831 Non
1524 2803 1693 2841 semper
1720 2793 1760 2830 id
1788 2793 1869 2830 viri

314 2870 425 2907 docti
457 2871 719 2918 reputarunt,
756 2869 887 2907 immo
921 2879 1046 2917 saepe
1080 2869 1190 2907 ultro
1219 2879 1314 2907 eain
1343 2869 1384 2906 in
1413 2869 1603 2906 carmina
1630 2868 1870 2906 introduxe-
