2030 3439
191 492 276 531 380
310 501 400 539 sqq.

338 564 406 604 τὸν
439 561 475 603 δ’
510 563 823 616 ἀπαμειβόμενος
855 565 1033 617 προσέφη
1064 568 1278 617 πολύμητις
1303 564 1524 614 Ὀδυσσεύς

341 636 370 679 ὦ
401 640 535 691 πόποι,
566 639 617 687 ὡς
649 639 724 692 ἄρα
755 641 897 688 τυτθὸς
931 641 1017 689 ε’ὼν,
1044 639 1205 692 Ἐύμαιε
1237 643 1405 693 συβῶτα,

342 716 486 755 πολλὸν
518 715 797 768 ἀπεπλάγχθης
830 723 899 768 σῆς
930 717 1115 768 πατρίδος
1147 716 1216 768 ἡδὲ
1247 717 1409 767 τοκήων.

343 788 425 830 ἀλλ’
462 789 530 843 ἄγε
561 806 626 842 μοι
658 791 745 830 τόδε
775 791 888 830 ,Ρειπέ
918 792 990 830 κτέ.

196 869 277 907 Hio
316 878 394 906 vos
436 869 607 906 auctore
650 868 971 906 Friedlaondero
1014 878 1164 907 versus
1201 870 1282 906 381
1317 880 1378 916 sq.
1413 870 1574 907 deletis.
1611 871 1688 908 Sed

139 944 234 992 quis
266 953 455 991 unquam
487 943 628 981 verbis
661 939 741 980 ἀλλ’
780 941 847 993 ἄγε
879 944 1179 981 allocutionem
1212 945 1278 981 est
1310 946 1520 982 exorsus?

201 1093 285 1132 398
318 1102 408 1139 sqq,
443 1092 570 1130 Plura
601 1092 797 1130 audiendi
826 1092 1105 1139 narrandique
1133 1092 1308 1140 cupidus
1334 1093 1548 1131 Eumaeus
1579 1095 1691 1141 „dor-

142 1168 251 1207 miat
282 1167 353 1215 qui
385 1167 516 1205 velit'’
551 1167 611 1205 ait

353 1247 422 1280 νῶι
453 1238 489 1280 δ’
526 1240 583 1280 ε’νὶ
612 1241 740 1295 κλισίῃ
770 1240 928 1280 πίνοντέ
959 1256 995 1280 τε
1027 1240 1248 1292 δαινυμένω
1280 1256 1317 1280 τε

349 1316 510 1367 κήδεσιν
541 1315 717 1367 ἀλλήλων
748 1317 978 1369 τερπώμεθα
1009 1316 1259 1369 λευγαλέοισι,

205 1394 290 1433 400
351 1390 570 1443 μναομένω·
603 1391 695 1442 μετὰ
725 1393 797 1444 γάρ
828 1407 865 1431 τε
896 1391 961 1431 καὶ
993 1391 1121 1444 ἄλγεσι
1152 1391 1326 1444 τέρπεται
1357 1391 1470 1444 ἀνὴρ,

353 1467 394 1514 ὅς
424 1483 480 1514 τις
514 1466 562 1518 δὴ
595 1468 697 1518 μάλα
728 1467 851 1507 πολλὰ
882 1469 995 1522 πάθῃ
1027 1467 1092 1506 καὶ
1123 1465 1233 1507 πόλλ’
1272 1467 1465 1522 ἐπαληθῇ.

206 1545 389 1584 Omnino
421 1544 644 1583 vobiscum
671 1545 779 1583 facio
806 1556 979 1583 versum
1007 1546 1088 1583 401
1119 1544 1434 1593 damnantibus,
1463 1545 1536 1583 sed
1564 1546 1698 1583 multo

147 1620 279 1658 etiam
310 1619 384 1657 illa
415 1621 530 1658 sorte
563 1620 727 1668 dignior
759 1631 822 1658 vs.
856 1621 940 1658 400
968 1621 1147 1658 videtur.
1177 1620 1365 1666 Utroque
1392 1621 1537 1658 autem
1565 1621 1698 1658 eiecto

147 1694 276 1733 simul
317 1696 528 1742 quomodo
570 1698 672 1734 nata
712 1697 769 1734 sit
810 1695 1078 1743 interpolatio
1120 1697 1305 1743 apparet.
1349 1695 1493 1742 „Alter
1525 1695 1700 1733 alterius

149 1770 410 1809 delectemur
456 1771 611 1809 malis”
664 1772 878 1810 Eumaeus
925 1771 1006 1809 ait:
1051 1771 1217 1808 crudele
1260 1771 1338 1808 hoe
1380 1771 1521 1817 inepto
1563 1780 1699 1817 gram-

149 1847 307 1885 matico
354 1847 496 1885 visum
545 1849 587 1885 et
628 1847 769 1895 aliqua
810 1847 1092 1894 explicatione
1134 1846 1430 1893 mitigandum.
1474 1845 1592 1882 Nunc
1635 1845 1702 1882 vel

148 1932 232 1960 uno
264 1922 336 1960 illo
372 1920 579 1972 μνωομένω
611 1922 868 1960 manifestus
900 1923 1068 1960 tenetur
1100 1921 1268 1958 sciolus.

211 2071 295 2109 403
338 2081 428 2119 sqq.
475 2071 542 2110 Sic
574 2072 624 2110 de
656 2072 794 2119 patria
826 2081 904 2108 sua
935 2072 977 2108 et
1008 2069 1253 2117 parentibus
1286 2079 1457 2106 narrare
1490 2068 1702 2105 Eumaeus

153 2146 323 2194 incipit:

387 2221 506 2272 νῆσός
538 2237 593 2268 τις
624 2222 754 2273 Συρίη
785 2219 1039 2274 κικλήσκεται,
1070 2219 1107 2257 εἴ
1132 2214 1232 2257 ποθ’
1267 2216 1435 2266 ἀκούεις,

383 2293 584 2348 Ὀρτυγίης
615 2297 885 2347 καθύπερθεν,
916 2295 983 2333 ὅθι
1013 2292 1152 2345 τροπαὶ
1182 2292 1338 2343 ἠελίοιο,

389 2370 436 2410 οὔ
468 2387 502 2410 τι
533 2370 779 2423 περιπληθὴς
812 2371 900 2421 λίην
931 2370 1058 2419 τόσον,
1089 2365 1171 2407 ἀλλ’
1207 2367 1340 2420 ἀγαθὴ
1374 2365 1456 2417 μὲν,

389 2445 549 2498 εὔβοτος
581 2446 748 2498 εὔμηλος
778 2444 1055 2495 Ἐοινοπληθὴς
1086 2444 1323 2494 πολύπυρος.

215 2521 316 2571 Quis
349 2533 538 2571 unquam
564 2524 819 2572 particulam
847 2520 928 2572 μέν,
958 2522 1068 2559 sicut
1095 2519 1143 2558 fit
1170 2530 1231 2557 vs.
1261 2520 1357 2566 405,
1388 2518 1571 2565 positam
1602 2517 1705 2554 vidit

156 2597 200 2635 in
230 2596 314 2636 fine
346 2599 586 2637 sententiae
619 2599 747 2636 simul
776 2599 818 2635 et
847 2606 1007 2643 versus,
1037 2596 1079 2633 et
1106 2605 1202 2632 oum
1231 2592 1437 2641 particula
1463 2590 1557 2628 ἀλλά
1584 2601 1705 2637 nega—

155 2672 263 2710 tioni
288 2674 560 2722 oppositam?
588 2674 648 2712 Ne
675 2672 901 2711 mediocris
929 2671 1098 2718 quidem
1126 2670 1275 2717 poetae
1302 2668 1404 2705 illud
1432 2677 1525 2704 esse
1548 2666 1704 2713 opinor,

157 2752 231 2790 sed
263 2751 366 2789 olim
397 2750 558 2788 lectum
590 2750 658 2788 hio
689 2750 821 2787 fuisse
853 2747 1066 2794 suspicor:

395 2823 442 2864 οὔ
473 2839 508 2863 τι
538 2822 786 2875 περιπληθὴς
817 2822 904 2872 λίην
935 2820 1062 2869 τόσον,
1093 2817 1189 2856 ἀλλὰ
1221 2814 1307 2867 μάλ’
1345 2815 1476 2866 ἐσθλή.

216 2901 451 2948 Postquam
492 2895 579 2949 μάλ’
625 2897 893 2947 praecedenti
934 2894 1028 2932 ἀλλά
1070 2895 1318 2941 absorptum
1359 2894 1435 2939 est,
1471 2891 1623 2937 aliquis
1655 2900 1708 2926 ex

1585 2961 1602 2987 5
