2030 3439
1043 327 1147 364 ·2·2

343 459 570 509 poetaster,
620 456 685 494 cui
731 454 819 492 tres
863 451 924 489 illi
964 450 1170 489 debentur
1210 459 1375 498 versus,
1419 448 1525 487 nihil
1562 447 1631 486 hic
1672 447 1898 486 intellexit.

344 537 434 574 Hoc
476 542 640 581 quoque
684 528 847 568 accedit
890 527 999 574 quod
1040 536 1144 564 mox
1186 525 1404 574 Euryclea,
1439 525 1542 562 dum
1574 524 1723 562 heram
1756 533 1780 561 a
1810 533 1902 571 pr0-.

344 611 481 660 posito
515 608 719 647 abducere
753 605 941 652 conatur,
976 603 1082 641 haec
1114 602 1238 640 dicit:

578 678 676 731 μηδὲ
706 677 868 732 γέροντα
899 677 1023 716 κάκου
1055 674 1339 727 κεκακωμένον.
1373 675 1420 715 οὐ
1452 674 1525 727 γὰρ
1561 672 1629 714 ὀίω

577 756 705 808 πάγχυ
741 757 850 800 θεοῖς
882 752 1096 805 μακάρεσσι
1121 750 1246 804 γονὴν
1274 750 1547 803 Ἀρκεσσιάὸαο

578 827 754 883 ἔχθεσθ’,
785 825 868 867 ἀλλ’
905 828 958 867 ἔτι
989 828 1068 868 πού
1100 843 1156 875 τις
1188 826 1386 866 ἐπέσσεται
1418 825 1460 873 ὅς
1491 841 1559 865 κεν
1591 825 1698 881 ἔχῃσι

577 905 735 956 δώματά
765 901 810 943 θ’
846 903 1037 955 ὑψόροφα
1068 901 1134 942 καὶ
1165 901 1369 955 ἀπόπροθι
1395 902 1538 949 πίονας
1570 900 1727 954 ἀγρούς.

404 987 587 1035 Quorum
641 992 793 1021 sensus
834 982 903 1019 hic
945 982 1030 1019 est:
1079 980 1192 1028 „noli
1235 990 1384 1018 senem
1426 979 1533 1018 satis
1576 979 1664 1017 iam
1696 978 1906 1016 miserum

344 1065 502 1101 terrere
545 1059 693 1097 nuntio
736 1057 1014 1096 tristissimae
1056 1056 1129 1105 rei,
1174 1066 1303 1103 quam
1345 1065 1398 1093 ne
1441 1055 1695 1093 eventuram
1735 1054 1906 1101 quidem

346 1148 421 1185 ego
465 1135 665 1174 arbitror:
700 1133 873 1172 evitatis
907 1132 1021 1170 enim
1053 1141 1279 1179 procorum
1311 1130 1477 1169 insidiis
1509 1140 1614 1168 mox
1646 1129 1794 1168 salvus
1826 1130 1909 1167 huc

345 1213 480 1252 aderit
521 1210 633 1248 filius
674 1211 774 1247 tuus
816 1209 926 1257 patri
968 1208 1093 1246 heres
1136 1208 1292 1254 suus’';
1327 1207 1388 1245 ita
1418 1208 1467 1244 ut
1498 1217 1600 1244 sene
1638 1206 1802 1254 Laerte‚
1838 1205 1909 1253 qui

346 1298 506 1337 procos,
541 1287 627 1324 iam
655 1286 699 1323 in
724 1285 835 1323 bona
863 1284 954 1322 eius
981 1285 1206 1331 tamquam
1235 1283 1394 1321 caduca
1411 1283 1634 1330 irruentes,
1655 1281 1911 1319 auctoritate

349 1373 427 1401 sua
467 1362 656 1410 repellat,
701 1371 805 1409 opus
848 1370 932 1398 non
974 1360 1043 1397 sit.
1090 1359 1170 1397 Sed
1207 1359 1411 1406 populum
1444 1369 1469 1396 a
1500 1359 1653 1396 Laerte
1687 1356 1912 1395 convocari

349 1441 475 1487 atque
508 1438 621 1476 illius
658 1447 781 1484 opem
815 1436 1034 1484 implorari
1067 1446 1151 1473 non
1183 1436 1303 1473 vetat
1331 1444 1450 1483 anus,
1482 1433 1824 1481 quandoquidem
1851 1432 1911 1469 nil

348 1515 432 1552 tale
466 1514 678 1551 dicentem
711 1512 929 1549 dominam
965 1511 1140 1549 audivit.

410 1667 505 1704 758.
535 1665 686 1702 Relata
712 1663 944 1710 Eurycleae
972 1662 1023 1700 ad
1051 1662 1290 1709 Penelopen
1317 1661 1508 1699 oratione
1530 1661 1592 1699 sic
1608 1661 1746 1708 pergit
1762 1660 1909 1708 poeta:

526 1734 576 1785 ὧς
610 1735 738 1787 ’φάτο
770 1743 837 1788 τῆς
871 1733 906 1775 δ’
943 1735 1094 1787 η’ὕνησε
1125 1736 1234 1788 γόον,
1261 1732 1394 1787 ’σχέθε
1428 1732 1463 1774 δ’
1501 1734 1589 1774 ὄσσε
1623 1735 1743 1787 γόοιο.

410 1816 670 1854 Acutissime
704 1814 966 1853 observastis
999 1812 1106 1864 γόοιο
1134 1814 1231 1861 post
1257 1812 1352 1863 γόον
1380 1813 1630 1861 suspectum
1658 1823 1775 1850 esse:
1805 1812 1911 1850 eius-

352 1893 521 1930 modine
563 1902 631 1929 res
673 1890 817 1937 fugere
856 1890 1046 1937 potuisse
1080 1889 1302 1926 doctorum
1335 1888 1527 1926 saecula!
1563 1888 1644 1925 Sed
1677 1887 1813 1926 semel
1846 1888 1913 1925 ad-

352 1968 504 2005 moniti
542 1967 655 2004 ultra
686 1966 773 2003 iam
805 1976 889 2003 non
922 1965 1109 2002 feremus
1143 1966 1235 2002 tam
1268 1965 1413 2012 inepta
1445 1964 1487 2001 in
1519 1965 1692 2001 vetusto
1725 1963 1914 2001 carmine

351 2044 467 2081 vitia.
513 2042 617 2090 Quid
659 2041 769 2088 quod
810 2037 958 2089 ηὔνησε
998 2039 1092 2090 γόον
1136 2040 1213 2077 vix
1254 2041 1368 2077 recte
1412 2040 1574 2077 dictum
1608 2039 1789 2077 videtur.
1824 2039 1916 2077 Hoc

357 2120 503 2156 tamen
549 2117 722 2164 gravius
769 2116 891 2164 quod,
937 2126 1033 2153 cum
1077 2115 1310 2163 Eurycleae
1353 2115 1558 2153 orationis
1601 2115 1758 2163 duplex
1788 2115 1917 2153 fuerit

358 2193 594 2240 consilium,
635 2191 768 2229 altera
805 2191 918 2228 illius
951 2201 1049 2238 pars
1082 2191 1150 2228 1110
1181 2190 1306 2238 plane
1338 2190 1579 2238 negligitur.
1615 2190 1768 2228 Tristis
1800 2189 1916 2227 enim

357 2268 437 2305 fuit
477 2267 684 2314 Penelope
728 2268 768 2304 et
807 2267 850 2304 in
882 2267 1082 2304 lacrimas
1116 2267 1334 2313 eruperat3
1369 2266 1443 2303 sed
1476 2267 1518 2303 et
1550 2266 1670 2314 irata,
1705 2265 1916 2312 siquidem

358 2344 419 2380 sic
451 2343 493 2380 in
530 2342 706 2380 ancillas
739 2343 805 2379 est
837 2342 1028 2379 invecta:

563 2415 738 2467 σχέτλιαι,
769 2413 859 2455 οὐδ’
895 2411 989 2466 ὗμές
1022 2430 1092 2467 περ
1126 2414 1183 2454 ἐνὶ
1215 2414 1330 2468 φρεσὶ
1359 2412 1499 2454 ’θέσθε
1532 2415 1703 2465 femiam]

563 2491 602 2530 ἐκ
635 2490 772 2542 λεχέων
805 2488 836 2541 μ’
874 2490 1079 2543 ἀνεγεῖραι.

419 2569 558 2615 Atque
604 2569 713 2605 iram
761 2568 850 2605 eius
898 2568 1068 2606 fatendo
1118 2570 1159 2606 et
1207 2568 1311 2605 nihil
1360 2567 1670 2605 dissimulando
1711 2566 1919 2614 Euryclea

359 2644 540 2682 sedat:
575 2644 653 2681 hoc
687 2643 801 2680 enim
827 2643 1005 2681 verbum
1035 2644 1235 2681 Latinum
1264 2643 1459 2691 proxime
1488 2642 1539 2680 ad
1558 2642 1768 2681 Graecum
1786 2641 1920 2691 εὐνᾶν,

361 2729 458 2757 cum
490 2719 778 2765 metaphorice
812 2718 1046 2767 adhibetur,
1082 2719 1258 2757 accedit.
1292 2719 1404 2766 Lego
1438 2728 1536 2765 ergo
1569 2717 1683 2768 χόλον
1710 2728 1784 2765 pro
1812 2716 1918 2768 γόον.

419 2870 499 2907 817
531 2879 620 2916 sqq.
650 2868 887 2906 Dormienti
914 2869 1149 2917 Penelopae
1177 2869 1457 2906 simulacrum
1487 2868 1732 2916 [phthimae
1759 2867 1918 2906 sororis
