2030 3439
900 364 923 399 9
930 364 951 400 7

383 482 589 532 δύσμορος·
623 477 646 532 ἦ
679 497 716 521 τε
747 483 908 523 ,Ρέῐοικε
941 485 1059 535 δέμας
1092 488 1249 538 βασιλῆι
1280 488 1458 527 foivamc

381 556 478 595 ἀλλὰ
510 557 598 596 θεοὶ
632 558 798 597 δυάουσι
830 561 1151 612 πολυπλάγκτους
1184 562 1438 614 ἀνθρώπους,

384 629 528 671 ὁππότε
559 631 623 670 καὶ
655 634 879 683 βασιλεῦσιν
911 635 1196 676 ἐπικλώσωνται
1228 636 1346 684 ὀιζύν.

206 708 299 746 Non
346 718 559 756 ooncoquo
607 709 783 747 ultimos
827 722 977 750 versus
1024 714 1117 751 duo.
1163 713 1267 762 Quid
1307 716 1419 753 enim
1464 718 1529 754 est
1562 714 1703 754 ὁππότε

146 783 246 822 nal?
292 784 359 821 An
407 784 854 831 quandoquidem
902 789 984 825 et?
1032 789 1088 827 At
1122 800 1264 837 regem
1309 801 1402 828 esse
1435 792 1702 839 peregrinum

147 859 319 897 coniicit
359 860 660 897 tantummodo
703 860 921 910 bubulcus,
966 873 1049 901 non
1087 874 1185 911 ergo
1224 865 1319 903 inde
1352 868 1573 913 tamquam
1607 878 1628 905 e
1662 878 1704 906 re

147 935 264 972 certa
295 936 598 982 argumentum
626 937 768 982 petere
796 939 936 983 potest
973 939 1023 975 ad
1052 939 1163 977 aliud
1192 941 1289 987 quid
1309 941 1700 980 demonstrandum.

147 1009 200 1047 Et
231 1009 515 1057 peregrinum,
546 1020 672 1056 quem
701 1021 813 1048 nuno
840 1012 1026 1058 primum
1056 1014 1182 1062 videt,
1213 1014 1321 1052 mul
1340 1017 1452 1053 tum
1481 1026 1702 1054 errasse

146 1084 257 1122 unde
290 1084 441 1122 novit?

208 1231 291 1269 208
334 1241 424 1279 sqq.
471 1231 664 1270 Salutato
708 1233 929 1280 peregrino
972 1234 1177 1273 bubulcus
1221 1236 1261 1273 in
1304 1236 1558 1274 memoriam
1596 1238 1704 1275 redit

152 1306 330 1355 Ulyssis,
351 1316 479 1353 quem
496 1307 576 1344 sibi
595 1307 743 1345 itidem
760 1309 912 1355 pannis
940 1309 1146 1356 annisque
1173 1310 1359 1348 obsitum
1389 1310 1521 1358 fingit.
1551 1312 1701 1350 Addit:

381 1382 415 1419 εἰ
446 1379 484 1419 δ’
521 1380 598 1432 ἤδη
631 1382 797 1432 τέθνηκε
827 1381 893 1420 καὶ
926 1382 967 1421 ἐν
1001 1384 1158 1422 Ἀὶίδαο
1192 1385 1358 1434 δόμοισι,

382 1455 412 1495 ὤ
444 1471 510 1506 μοι
543 1453 653 1495 ἔπειτ’
681 1454 873 1507 Ὀδυσῆος
906 1456 1122 1508 ἀμύμονος,
1155 1459 1195 1505 ὅς
1229 1456 1261 1506 μ’
1300 1458 1361 1498 ἐπὶ
1395 1461 1510 1507 βουσὶ

205 1533 289 1571 210
380 1528 446 1571 εἷσ’
481 1531 533 1571 ἔτι
564 1531 711 1571 τυτθὸν
743 1531 855 1571 ἐόντα
888 1534 1157 1584 Κεφαλλήνων
1190 1533 1246 1572 ἐνὶ
1280 1535 1401 1590 δήμῳ.

382 1614 457 1647 νῦν
490 1605 524 1646 δ’
562 1609 604 1646 αἳ
634 1606 704 1658 μὲν
735 1608 934 1660 γίγνονται
966 1608 1198 1658 ἀθέσφατοι,
1229 1610 1322 1649 οὐδέ
1354 1626 1418 1649 κεν
1452 1610 1574 1657 ἄλλως

381 1682 499 1734 ἀνδρί
527 1680 557 1734 γ’
594 1682 875 1734 γὑποσταχύοιτο
908 1685 1014 1734 βοῶν
1045 1683 1156 1735 γένος
1189 1685 1484 1735 εὐρυμετώπων.

204 1759 264 1797 De
299 1758 609 1807 significatione
644 1759 759 1797 verbi
791 1758 912 1804 ἄλλως
946 1763 1021 1805 (vs.
1054 1761 1150 1805 211)
1180 1761 1396 1800 dubitatis.
1426 1762 1557 1800 Totus
1585 1763 1702 1800 locus

144 1845 389 1883 pannuceae
422 1835 534 1873 vesti
566 1835 722 1872 similis
755 1837 832 1873 est.
867 1835 1071 1882 Equidem
1106 1838 1218 1874 certe
1260 1837 1445 1883 cogitare
1478 1837 1545 1874 hio
1577 1848 1701 1884 cogor

144 1911 195 1949 de
229 1914 256 1947 θ
293 1911 373 1949 176
402 1921 488 1958 sq.:

379 1983 430 2031 ὡς
462 1983 528 2023 καὶ
561 1983 623 2023 σοὶ
653 1985 787 2031 ,Ρεῐδος
819 1982 889 2034 μὲν
921 1982 1142 2036 ἀριπρεπὲς,
1173 1983 1266 2024 οὐδέ
1297 1999 1364 2023 κεν
1400 1984 1522 2032 ἄλλως

380 2058 473 2099 οὐδὲ
503 2060 598 2107 θεὸς
629 2060 780 2107 τεύξειε.

203 2210 287 2248 304
320 2220 410 2257 sqq.
445 2209 669 2257 Ctesippus
702 2209 851 2256 pedem
883 2208 1004 2246 bovis
1033 2209 1074 2246 in
1106 2209 1307 2256 Ulyssem
1353 2210 1532 2257 coniicit,
1571 2221 1696 2257 quem

142 2284 213 2322 ille
245 2285 330 2322 levi
362 2285 514 2332 capitis
547 2284 821 2322 inclinatione
854 2284 999 2321 evitat.
1035 2285 1091 2321 At
1125 2284 1287 2321 viderat
1320 2284 1438 2322 illam
1482 2286 1695 2322 contume-

141 2359 245 2397 liam
277 2359 571 2407 Telemachus,
607 2359 677 2406 qui
708 2359 770 2396 sie
801 2359 843 2396 in
877 2358 1095 2396 hominem
1127 2359 1311 2396 ferocem
1344 2359 1580 2396 invehitur:

378 2431 586 2484 Κτήσιππ’,
617 2428 641 2483 ἧ
673 2432 774 2482 μάλα
805 2447 863 2470 τοι
889 2432 975 2470 τόδε
1006 2430 1161 2483 κέρδιον
1193 2431 1323 2471 ἔπλετο
1355 2436 1483 2484 θυμῷ·

377 2508 450 2547 οὐκ
482 2508 614 2560 ἔβαλες
645 2506 712 2546 τὸν
744 2508 882 2554 ξεῖνον·
916 2505 1079 2545 ἀλεύατο
1112 2505 1184 2557 γὰρ
1217 2506 1327 2558 βέλος
1359 2506 1486 2552 αὐτός.

377 2578 402 2635 ἧ
433 2584 506 2636 γάρ
537 2582 604 2621 κέν
635 2594 675 2620 σε
707 2580 825 2631 μέσον
851 2579 990 2632 ’βάλον
1022 2581 1122 2634 ἔγχεϊ
1150 2579 1333 2628 ὀξυόεντι.

201 2659 351 2698 Cetera
382 2660 527 2699 omnia
559 2659 728 2707 egregia
759 2659 870 2705 sunt,
904 2659 977 2696 sed
1006 2659 1140 2705 primo
1172 2668 1311 2704 versu,
1341 2667 1438 2695 oum
1467 2657 1533 2694 hie
1560 2658 1691 2704 requi-

141 2736 260 2773 ratur
300 2746 476 2774 sensus:
525 2734 657 2783 „bene
698 2735 841 2772 tecum
884 2735 1027 2771 aetum
1070 2736 1157 2780 est3
1191 2734 1359 2771 fortuna
1391 2742 1494 2770 usus
1527 2742 1571 2769 es
1603 2742 1691 2779 pro-

142 2809 287 2858 pitia'’‚
336 2810 436 2849 ferri
494 2810 608 2848 nullo
656 2809 781 2846 modo
828 2810 969 2855 potest
1015 2808 1215 2845 ultimum
1264 2807 1515 2845 vocabulum
1564 2811 1692 2856 θυμῷ.

141 2883 247 2932 Quid
275 2895 480 2933 reponam
499 2884 654 2932 nescio,
677 2884 843 2921 exitum
861 2893 1011 2920 versus
1029 2884 1273 2930 corruptum
1292 2892 1384 2919 esse
1402 2881 1507 2918 mihi
1527 2882 1693 2918 constat
