2030 3439
835 355 880 390 41

83 477 181 524 quia
228 478 323 524 post
364 475 396 513 εὶ
437 477 557 514 deest
588 487 820 524 pronomen
865 492 910 515 τι.
955 479 1068 526 Quod
1114 479 1281 516 etiamsi
1327 479 1466 525 aliquo
1512 480 1632 516 niodo

83 553 212 591 inseri
263 553 409 601 posset
455 554 602 590 tamen
649 553 772 600 longe
820 553 994 591 Nauckii
1046 556 1281 601 praestaret
1329 555 1464 592 lectio.
1519 555 1631 602 Quod

84 629 199 666 enim
231 627 300 666 ille
327 627 442 666 dedit
468 625 533 664 καὶ
559 627 598 665 εἴ
617 626 712 665 ποσέ
739 638 799 665 σοι
825 627 942 676 φίλον
969 628 1026 677 εἴη
1055 640 1137 666 non
1166 629 1305 667 solum
1334 632 1446 667 recte
1474 630 1631 667 dictum

84 705 150 742 est
191 704 265 742 sed
307 704 439 741 etiam
470 705 608 742 totam
641 705 928 742 narrationem
964 705 1129 752 egregie
1164 705 1361 743 illustrat.
1398 705 1488 742 Non
1521 705 1633 743 enim

84 781 259 819 domum
306 789 352 818 se
399 779 634 817 rediturum
683 781 812 818 Aeolo
855 781 964 818 dixit
1001 781 1180 828 Ulysses
1222 782 1295 819 sed
1338 781 1636 819 tantummodo

85 852 179 893 ὁδὸν
219 853 328 908 ᾔτεεν
369 851 433 904 ἠδ’
480 852 652 892 ἐκέλευεν
693 852 906 904 πεμπέμεν’
945 863 1020 900 (vs.
1060 857 1107 893 17
1144 859 1234 903 sq).
1269 856 1377 894 Tum
1411 857 1635 893 ventorum

82 941 159 969 rex
200 930 285 968 illis
328 930 629 968 convenienter
671 931 865 978 precibus
904 941 986 968 non
1020 932 1197 968 ventum
1230 930 1465 969 secundum
1497 930 1633 968 solum

83 1006 121 1044 ei
147 1006 273 1052 dedit,
303 1006 376 1044 sed
405 1015 579 1043 saccum
601 1007 829 1043 ventorum
847 1006 1043 1053 plenum:
1064 1006 1182 1044 cuius
1202 1006 1427 1044 consilium
1446 1006 1636 1052 ratioque

82 1092 137 1120 ex
183 1081 438 1119 allocutione
485 1081 659 1118 demum
707 1091 836 1128 quam
884 1081 1073 1119 restituit
1116 1081 1331 1119 Nauckius
1374 1081 1636 1127 intelligitur.

84 1157 182 1195 Sive
213 1156 329 1194 enim
361 1166 446 1194 non
473 1156 637 1194 audivit
663 1156 822 1194 Aeolus
850 1166 930 1203 quo
959 1156 1105 1202 Ulyssi
1134 1157 1247 1193 esset
1277 1156 1356 1193 iter
1382 1156 1636 1202 faciendum,

81 1232 173 1270 sive
200 1233 279 1270 hoc
307 1242 360 1270 ex
387 1231 559 1279 Ulyssis
587 1231 829 1269 narratione
858 1231 1094 1279 intelligere
1122 1231 1293 1277 quidem
1310 1231 1448 1278 potuit
1466 1231 1638 1275 (etenim

81 1317 155 1356 per
196 1307 412 1355 integrum
453 1317 650 1345 mensem
693 1307 874 1354 Ulysscs
917 1306 1026 1354 apud
1070 1317 1167 1343 eum
1212 1307 1277 1343 est
1315 1306 1566 1344 deversatus
1598 1308 1640 1343 et

82 1383 284 1431 quidquid
325 1383 396 1420 ille
437 1383 546 1420 scire
587 1382 718 1419 vellet
759 1382 976 1429 narravit),
1016 1381 1088 1419 sed
1123 1383 1269 1428 postea
1301 1381 1409 1418 scire
1442 1392 1488 1418 se
1521 1381 1638 1418 dissi-

83 1459 278 1506 mulavit,
322 1459 360 1497 ei
402 1458 609 1506 omnium,
653 1459 860 1505 quotquot
902 1458 1014 1505 sunt,
1059 1459 1286 1494 ventorum
1328 1456 1429 1494 fecit
1461 1457 1638 1504 copiam.

86 1535 305 1574 Eiusmodi
346 1535 492 1573 autem
534 1534 631 1572 doni
675 1535 893 1572 auctorem
935 1533 1104 1581 g1oriari
1143 1533 1284 1569 decet:
1324 1533 1409 1580 „ita
1441 1534 1482 1570 te
1516 1542 1540 1569 a
1572 1542 1640 1570 me

87 1612 231 1650 dimisi
260 1614 309 1650 ut
340 1611 408 1649 vel
436 1611 611 1649 domum
641 1610 707 1648 vel
735 1620 983 1657 quocunque
1013 1609 1144 1647 velles
1172 1609 1439 1656 navigares.”
1470 1608 1639 1656 Verum,

87 1688 189 1726 dum
237 1687 388 1736 scribo,
436 1688 629 1724 metuere
671 1685 837 1733 incipio,
882 1695 933 1722 ne
977 1685 1146 1731 ineptus
1188 1684 1270 1721 sim
1314 1684 1383 1730 qui
1425 1683 1642 1721 fabulosae

88 1763 346 1802 narrationis
378 1763 590 1801 rationem
623 1763 818 1800 constare
852 1761 1032 1808 cupiam,
1069 1770 1177 1807 cuin,
1214 1760 1256 1796 in
1284 1760 1363 1797 hac
1390 1759 1641 1807 praesertim

89 1840 208 1891 parte
239 1838 468 1887 Odysseae,
498 1840 562 1876 tot
589 1848 657 1875 res
684 1838 881 1884 legantur
908 1835 1180 1873 admirationi
1209 1835 1379 1882 quidem
1407 1834 1643 1872 movendae

89 1916 132 1953 et
173 1915 416 1953 auditorum
459 1914 616 1952 animis
649 1912 887 1950 detinendis
920 1911 1181 1959 aptissimae,
1217 1910 1290 1948 sed
1323 1919 1503 1957 quarum
1535 1909 1643 1956 quod

91 2000 186 2029 esse
227 1991 412 2038 potuerit
447 1989 673 2028 consilium
706 1998 854 2035 rogare
887 1987 1081 2034 putidum
1115 1986 1171 2023 sit
1205 1987 1245 2023 et
1278 1985 1503 2022 insulsum.
1537 1984 1644 2032 Ergo

91 2065 364 2104 Nauckianae
405 2065 601 2103 lectionis
643 2063 927 2111 patrocinium
960 2062 1159 2099 omittere
1191 2071 1288 2098 sum
1321 2062 1495 2107 paratus
1528 2060 1644 2097 dum—

93 2141 218 2179 modo
245 2141 353 2179 mihi
380 2140 635 2178 concedatur
662 2139 735 2176 illa
762 2148 835 2185 pro
864 2136 1016 2185 verbis,
1046 2147 1067 2173 e
1095 2136 1246 2183 quibus
1269 2135 1389 2173 salva
1407 2134 1646 2173 Graecitate

92 2217 235 2255 nullus
267 2218 393 2265 aptus
425 2226 578 2254 sensus
612 2214 787 2253 extundi
816 2213 963 2260 possit,
993 2212 1163 2249 restitui
1191 2210 1347 2258 aliquid
1375 2210 1483 2257 quod
1512 2220 1647 2257 neque

94 2292 284 2340 ineptum
318 2292 376 2330 sit
408 2293 451 2329 et
482 2291 534 2329 ad
567 2289 890 2337 intelligendum
923 2287 1189 2325 facillimum.

155 2443 206 2481 77
242 2453 333 2490 sqq.
395 2440 513 2480 ἔνθεν
546 2439 588 2479 δὲ
619 2437 791 2491 προτέρω
819 2435 1000 2487 ’πλέομεν
1034 2435 1271 2487 ἀκαχημένοι
1307 2430 1412 2485 ἦτορ.

385 2513 542 2568 ’τείρετο
577 2512 611 2554 δ’
649 2513 805 2566 ἀνδρῶν
836 2511 967 2562 θυμὸς
999 2508 1072 2550 ὑπ’
1107 2511 1272 2561 εἰρεσίης
1304 2509 1502 2562 ἀλεγεινῆς

389 2589 554 2645 ἡμετέρῃ
586 2590 716 2645 ματίῃ,
747 2587 828 2627 ἐπεὶ
860 2585 989 2626 οὐκέτι
1016 2583 1194 2636 ’φαίνετο
1226 2585 1374 2635 πομπή.

157 2669 382 2717 Quaeritur
428 2668 527 2716 quid
578 2664 736 2719 ἡμετέρῃ
783 2663 912 2717 ματίῃ,
952 2663 1062 2710 quod
1104 2663 1183 2700 hoc
1224 2672 1307 2699 uno
1349 2661 1439 2699 loco
1482 2659 1647 2707 legitur,

97 2744 338 2794 significare
393 2744 552 2792 possim
600 2742 706 2780 mihi
759 2749 894 2787 neque
942 2740 1136 2776 nostra
1183 2736 1466 2781 stultitia,
1516 2744 1649 2780 neque

98 2822 295 2859 nostra
337 2819 519 2867 culpa,
563 2827 699 2864 neque
742 2815 930 2853 labore
974 2813 1162 2859 irrite,
1208 2821 1341 2858 neque
1385 2813 1479 2857 (quo
1522 2818 1649 2846 sensu

100 2896 351 2946 Apollonius
391 2894 581 2933 Rhodius
623 2891 858 2939 usurpavit)
901 2890 1096 2926 nostra
1138 2887 1468 2925 temeritate
1503 2893 1648 2922 verum
