2030 3439
865 365 919 403 29

113 489 290 538 videtur,
329 498 592 537 quamquam
623 489 799 527 modum
832 490 1036 528 excedere
1069 500 1167 528 eum
1199 501 1350 529 censeo
1384 492 1500 536 (illud
1533 493 1660 542 enim,

109 564 209 602 licet
240 564 363 603 facile
389 564 489 602 ferri
516 563 765 611 probarique
793 564 940 612 possit,
972 567 1116 603 tamen
1144 576 1227 604 non
1255 567 1400 614 utique
1429 569 1494 605 est
1522 579 1659 605 ncces-

109 640 285 685 sarium)
329 640 440 678 haud
483 642 629 678 tamen
661 650 809 678 recuso
842 641 1069 687 quominus
1102 652 1334 689 pronomen
1365 643 1433 680 foa
1466 645 1659 683 retineat.

109 715 285 764 Propter
316 726 467 754 versus
499 726 524 753 a
555 726 624 753 me
658 714 791 753 reficti
824 717 1086 754 structuram
1120 718 1361 756 conferatur
1393 727 1426 766 ψ
1462 720 1566 757 136;

416 789 441 842 ἢ
473 786 534 828 ἀν’
572 787 666 829 ὁδὸν
699 790 855 841 στείχων
887 789 912 842 ἢ
945 792 983 829 οἳ
1012 792 1334 842 περιναιετάουσι.

168 943 250 981 255
283 952 373 990 sqq.
406 942 611 990 Ulyssem
644 941 735 979 cibo
768 942 854 979 iam
886 944 1070 990 potuque
1094 944 1334 981 recreatum
1361 945 1421 981 sic
1451 944 1662 983 Nausicaa

108 1017 357 1065 alloquitur:

313 1089 424 1143 ὄρσεο
459 1090 507 1141 δὴ
540 1097 628 1142 νῦν,
661 1092 772 1141 ξεῖνε,
801 1088 954 1130 πόλινδ’
992 1089 1110 1142 ἴμεν’,
1141 1091 1245 1143 ὄφρα
1278 1104 1319 1132 σε
1350 1092 1493 1144 πέμψω

311 1166 456 1219 πατρὸς
489 1166 584 1218 ἐμοῦ
616 1167 713 1219 πρὸς
746 1168 856 1217 δῶμα
889 1168 1117 1219 δαΐφρονος,
1148 1167 1249 1207 ἔνθα
1281 1181 1322 1208 σε
1353 1168 1455 1220 φημὶ

310 1243 470 1283 πάντων
505 1243 694 1294 Φαιήκων
727 1240 941 1294 εἰὸησέμεν’
980 1243 1087 1282 ὅσσοι
1119 1242 1278 1295 ἄριστοι.

164 1319 243 1358 Hic
275 1330 353 1358 vos
379 1330 453 1368 pro
480 1320 654 1368 vulgato
683 1318 883 1368 εἰδήσεμεν
911 1320 1187 1358 Herwerdeni
1214 1321 1434 1369 recepistis
1452 1322 1658 1360 coniectu-

104 1404 198 1433 ram
229 1392 281 1432 ἔτι
315 1391 488 1444 δηὲμεν’,
515 1405 644 1442 quam
672 1395 1065 1443 ingeniosissimam
1093 1395 1246 1442 illoque
1274 1397 1470 1435 acumine
1487 1397 1660 1444 dignam

105 1480 199 1509 esse
260 1469 559 1508 lubentissime
622 1479 828 1517 agnosco3
893 1470 1000 1507 levis
1057 1472 1204 1508 tamen
1260 1471 1469 1518 quaedam
1526 1474 1660 1511 restat

105 1545 326 1584 dubitatio.
369 1545 563 1583 Profecto
605 1545 882 1583 verissimum
925 1547 989 1583 est
1027 1546 1137 1592 quod
1170 1546 1310 1583 dicitis
1342 1547 1530 1584 alienum
1562 1547 1660 1585 hinc

105 1631 200 1659 esse
257 1620 476 1659 sciendi
535 1620 724 1668 verbum,
778 1620 851 1658 sed
899 1630 982 1658 non
1030 1631 1134 1668 opus
1182 1623 1247 1658 est
1294 1622 1336 1659 in
1382 1622 1534 1660 Latina
1580 1623 1660 1660 loci

106 1696 301 1734 versione
334 1695 405 1734 illo
437 1695 565 1734 verbo
598 1695 683 1733 uti:
718 1697 783 1733 est
816 1696 931 1733 enim
963 1691 1051 1733 οἶδα
1083 1696 1232 1734 Latine
1264 1697 1392 1744 scio,
1427 1697 1500 1735 sed
1528 1698 1659 1735 etiam

104 1772 246 1810 novi.
291 1771 448 1820 Quodsi
490 1771 585 1818 quis
628 1771 785 1809 diceret
827 1771 1005 1808 verbum
1047 1772 1156 1818 quod
1199 1774 1263 1809 est
1302 1772 1529 1809 novisse
1562 1772 1659 1809 hine

104 1846 293 1884 alienum
336 1856 442 1895 esse,
487 1847 579 1894 ipsi,
623 1848 671 1884 ut
713 1846 871 1894 opinor,
916 1857 1055 1884 errare
1098 1847 1219 1884 illum
1263 1847 1519 1885 clamaretis.
1554 1846 1659 1894 Quid

105 1921 220 1960 enim
260 1922 359 1959 huic
400 1922 491 1960 loco
534 1922 687 1970 aptius,
732 1922 830 1969 quid
874 1922 953 1969 ipsi
989 1922 1135 1969 Ulyssi
1168 1923 1316 1960 utilius
1348 1932 1477 1969 quam
1509 1932 1658 1960 omnes

104 1996 268 2035 insulae
314 1997 478 2036 nobiles
526 2007 792 2045 cognoscere,
842 1997 1026 2045 novisse,
1077 1999 1200 2036 notos
1247 1998 1434 2036 habere?
1474 1997 1538 2034 EX
1579 1998 1657 2035 hac

103 2072 257 2110 notitia
303 2075 512 2120 quantum
558 2073 716 2120 hospiti
763 2073 1009 2110 nasceretur
1051 2072 1342 2121 emolumenti,
1386 2073 1658 2120 antiquorum

103 2149 328 2187 hominum
369 2158 495 2186 nemo
537 2147 772 2195 ignorabat.
812 2147 971 2185 Deinde
1013 2157 1096 2185 non
1138 2149 1229 2185 tam
1270 2148 1392 2185 facile
1432 2146 1484 2185 ἔτι
1517 2146 1657 2197 διηέμεν

104 2223 147 2261 in
179 2221 380 2273 εἰδησέμεν
411 2223 549 2271 potuit
582 2223 816 2269 corrumpi3
850 2232 986 2269 neque
1019 2222 1134 2259 enim
1166 2224 1257 2260 tam
1289 2223 1399 2260 inter
1426 2233 1472 2260 se
1499 2223 1658 2260 similia

103 2299 177 2337 illa
218 2299 348 2337 verba
389 2300 501 2346 sunt,
547 2298 646 2345 quin
688 2297 827 2335 scriba
869 2307 952 2335 non
994 2297 1117 2344 plane
1151 2308 1301 2335 caecus
1333 2298 1483 2335 statim
1516 2298 1658 2335 videat

103 2375 249 2412 utrum
290 2373 445 2412 habeat
486 2374 530 2411 in
572 2373 807 2420 exemplari
849 2382 938 2420 suo,
984 2374 1036 2420 et,
1077 2373 1278 2419 quoniam
1310 2383 1413 2411 mox
1445 2376 1521 2418 (vs.
1559 2374 1655 2417 291)

104 2448 259 2496 legitur
301 2448 406 2498 δήεις
448 2447 594 2499 ἀγλαὸν
627 2446 742 2493 ἄλσος
776 2450 818 2485 et
852 2448 1007 2485 iterum
1040 2447 1083 2484 in
1115 2448 1271 2485 vicinia
1304 2451 1341 2496 (η
1375 2448 1444 2493 49)
1478 2447 1582 2497 δήεις
1616 2445 1656 2485 δὲ

103 2521 328 2574 διοτρεφέας
360 2524 562 2574 βασιλῆας,
593 2524 666 2561 vix
698 2523 895 2562 credibile
927 2524 993 2560 est
1025 2533 1282 2570 quemquam
1316 2524 1418 2561 illud
1445 2521 1656 2573 ἔτιδηέμεν

103 2599 203 2646 quid
244 2599 325 2637 sibi
366 2599 496 2637 vellet
537 2609 621 2636 non
660 2598 969 2645 intelligentem
1003 2598 1052 2635 de
1085 2608 1161 2636 suo
1193 2598 1336 2636 notius
1368 2599 1534 2636 dedisse
1567 2609 1654 2636 vcr-

102 2674 205 2712 bum
246 2672 457 2724 εῑδησέμεν.
501 2675 621 2723 Tum,
667 2674 765 2721 quia
807 2674 959 2711 ceteris
1001 2673 1177 2711 Homeri
1218 2673 1322 2711 locis
1365 2674 1505 2711 nullae
1548 2674 1655 2712 aliae

103 2751 329 2788 occurrunt
360 2750 527 2788 obscuri
562 2749 675 2787 illius
708 2748 824 2786 verbi
856 2747 1015 2795 figurae
1047 2758 1176 2794 quam
1205 2748 1324 2797 δήεις,
1352 2747 1509 2798 δήομεν,
1536 2748 1656 2797 δήετε,

104 2825 300 2871 equidem
341 2825 420 2863 hoc
452 2835 536 2863 uno
570 2834 725 2862 novam
759 2823 947 2869 aliquam
981 2822 1138 2870 fingere
1171 2823 1245 2860 vix
1279 2823 1430 2861 ausim.
1466 2824 1544 2861 Sed
1578 2824 1656 2861 hoc

103 2899 251 2938 mitto:
280 2900 323 2937 in
350 2900 576 2948 sententia,
606 2910 734 2946 quam
762 2898 1033 2936 Herwerdeni
1064 2898 1306 2935 coniectura
1327 2899 1444 2935 hisce
1461 2898 1654 2935 versibus
