2030 3439
1063 329 1143 366 106

318 453 538 492 interiecto
572 454 709 501 spatio
745 460 820 497 (vs.
856 453 954 497 369)
988 452 1146 490 iterum
1178 451 1271 503 τάχα
1303 453 1494 501 recurrit,
1524 453 1599 490 sed
1626 452 1682 490 ibi
1710 452 1873 500 elegan-

318 529 486 567 tissime
544 529 731 576 positum
778 530 865 566 est:
919 528 1006 565 iam
1053 528 1229 566 territus
1276 539 1501 576 procorum
1548 527 1679 565 minis
1725 511 1891 575 pedem·

321 604 449 642 refert
480 605 706 653 Eumaeus,
741 604 815 642 sed
847 613 1021 651 pergere
1054 614 1153 641 eum
1184 604 1246 642 sic
1278 604 1559 642 Telemachus
1591 603 1729 641 iubet:

557 677 662 725 ἅττα,
691 677 824 728 πρόσω
856 677 949 727 φέρε
979 677 1082 725 τόξα·
1113 675 1188 729 τάχ’
1225 678 1297 717 οὐκ
1330 677 1372 717 ἐὺ
1404 684 1500 716 πᾶσι
1530 677 1725 727 πιθήσεις.

321 755 601 802 Lepidissime
644 755 759 792 enim
801 755 936 792 ironia
967 754 1040 792 illa
1068 754 1291 793 adhibetur
1323 754 1374 793 ab
1407 765 1455 793 eo
1489 754 1559 802 qui
1592 764 1691 792 cum
1723 763 1881 801 magna

320 829 506 877 loquitur
547 829 713 868 fiducia.
756 829 946 877 Denique
988 840 1039 868 ne
1083 830 1162 868 hoc
1205 830 1376 877 quidem
1419 829 1722 877 negligendum
1766 828 1880 866 istud

320 903 487 956 πλαγκτέ
526 915 678 953 parum
723 907 872 953 aptum
916 915 1010 943 esse
1055 905 1291 943 convitium
1333 905 1498 944 homini
1541 905 1725 942 assiduo.
1765 904 1883 941 Licet

322 980 437 1018 enim
468 991 624 1028 negare
656 981 790 1018 nolim
823 991 920 1018 eam
952 991 1103 1019 vocem
1135 981 1196 1018 sic
1229 980 1418 1018 adhiberi
1445 990 1570 1028 posse
1597 982 1645 1018 ut
1676 979 1880 1027 „amens”

322 1055 544 1104 significet,
589 1056 725 1094 multo
768 1058 915 1094 tamen
956 1057 1073 1104 prius
1111 1056 1230 1094 illam
1262 1057 1454 1104 legentes
1487 1057 1537 1094 de
1571 1054 1882 1094 errabundo

323 1131 575 1179 cogitamus.
611 1132 810 1179 Suspicor
841 1132 903 1169 sic
934 1132 1022 1169 fere
1055 1132 1158 1170 olim
1190 1131 1400 1180 scriptum
1431 1131 1587 1169 fuisse:

558 1200 582 1256 ἧ
616 1206 717 1255 μάλα
750 1206 799 1256 δή
832 1203 867 1243 6'
905 1203 960 1255 ἐφ’
999 1206 1108 1244 ὕεσσι
1140 1206 1256 1252 κύνες
1289 1204 1416 1257 ταχέες
1449 1205 1678 1243 κατέδονται
1714 1249 1719 1251 4

323 1283 365 1320 et
405 1283 566 1320 inserta
608 1282 692 1320 ista
724 1279 891 1332 πλαγκτέ
923 1284 965 1320 et
998 1276 1047 1320 αὖ
1082 1293 1180 1320 cum
1214 1282 1353 1329 aliquo
1387 1292 1489 1320 casu
1522 1292 1672 1319 versus
1704 1280 1884 1319 mutilus

324 1360 439 1396 esset
470 1358 622 1396 factus.

383 1506 467 1543 424
502 1516 590 1552 sqq.
625 1506 806 1553 Ulysses
839 1506 901 1544 sic
933 1506 1162 1554 gloriatur:

564 1577 763 1631 Τηλέμαχ’,
796 1579 842 1619 οὔ
876 1577 911 1618 6’
948 1578 968 1619 ὃ
1002 1583 1126 1627 ξεῖνος
1159 1579 1216 1619 ἐνὶ
1249 1580 1474 1632 μεγάροισιν
1507 1578 1646 1632 ἐλέγχει

560 1655 716 1707 ἥμενος,
748 1655 841 1695 οὐδὲ
872 1672 907 1695 τι
940 1662 1008 1696 τοῦ
1041 1662 1192 1696 σκοποῦ
1225 1654 1424 1708 ἤμβροτον
1457 1654 1550 1694 οὐδέ
1581 1671 1615 1694 τι
1647 1655 1770 1703 τόξον.

562 1730 666 1781 δὶὴν
699 1730 844 1782 ἔκαμον
878 1732 1046 1771 τανύων.

325 1807 505 1854 Ecquid:
555 1806 601 1846 οὐ
648 1807 720 1858 γάρ
762 1823 796 1845 τι
838 1813 988 1846 σκοποῦ
1031 1805 1259 1858 ἤμβροτονί)
1300 1808 1440 1846 Nimis
1483 1808 1598 1846 enim
1635 1808 1885 1855 languidum

326 1883 439 1920 istud
473 1888 539 1920 τοῦ
573 1888 736 1920 σκοποῦ.
777 1894 913 1931 neque
946 1884 1177 1922 admodum
1210 1883 1382 1931 elegans
1415 1883 1572 1931 duplex
1605 1881 1709 1920 οὐδέ.
1742 1883 1885 1920 Primo

326 1969 453 1996 versu
496 1969 535 1995 σε
577 1959 700 2004 ξεῖνος
742 1959 882 2007 legere
924 1960 1154 2008 possimus,
1199 1960 1274 1997 sed
1306 1959 1379 1997 illa
1413 1959 1671 1997 correctione
1704 1959 1886 1997 fortasse

327 2045 431 2081 opus
464 2044 547 2071 non
580 2035 657 2082 est,
692 2035 791 2081 quia
823 2035 909 2072 illic
941 2045 1066 2072 suam
1098 2034 1178 2072 sibi
1212 2034 1437 2082 emphasin
1469 2035 1599 2072 habet
1631 2033 1663 2072 ὅ.
