2030 3439
836 379 887 417 31

83 502 295 542 Nausicaa
324 513 433 551 vero,
463 502 501 540 si
528 513 685 540 novam
703 503 929 541 lectionem
948 504 1188 552 probamus,
1210 505 1635 543 001110101111311111111-

84 578 209 617 modo
236 578 339 616 facit
364 577 568 625 Ulyssem
597 578 646 615 de
671 578 948 617 convivarum
967 580 1219 627 praesentia.
1240 579 1333 628 Cur,
1354 591 1522 627 quaeso.
1543 582 1637 619 Pro-

83 653 302 702 perabitne
328 652 509 700 mysses
538 654 705 701 cognito
734 664 873 692 nunc
902 656 1070 693 etiam
1100 666 1193 694 esse
1220 656 1386 694 Alcinoi
1414 657 1637 694 1101111101]-

84 729 208 767 vivas
234 729 308 767 sed
336 728 448 766 haud
477 729 546 767 diu
575 729 632 767 ibi
660 731 918 768 mansuros?
947 731 1084 768 Immo
1114 740 1211 769 vero
1230 731 1446 778 aliquanto
1465 732 1636 779 diutius,

84 814 214 852 quam
256 805 308 843 ad
349 805 620 843 rumusculos
662 805 769 853 illos,
814 805 1048 844 Nausicaae
1092 807 1266 855 invisos,
1305 807 1502 846 vitandos
1535 818 1640 855 opus

85 880 151 917 est
191 890 320 928 prope
361 880 525 919 fontem
567 880 647 918 sibi
690 881 923 919 indicatum
966 882 1184 920 desidebit..
1224 883 1333 920 Nam
1365 883 1443 920 hoc
1476 893 1639 930 quoque

86 964 108 992 0
134 954 346 993 Nausicaa
371 956 500 1003 audit,
531 957 630 993 ante
659 956 803 994 omnia
830 957 909 993 sibi
937 968 1041 1004 opus
1070 968 1163 995 0550
1192 958 1374 1010 reginae,
1404 958 1640 996 Nausifflae

85 1030 249 1079 matris,
292 1031 549 1078 patrocinio:
594 1031 646 1069 ad
687 1041 817 1078 quam
855 1032 1053 1070 accedere
1086 1035 1133 1070 ut
1165 1043 1303 1080 genua
1336 1033 1426 1070 eius
1460 1033 1638 1080 amplec-

84 1107 201 1144 tatur
241 1105 444 1144 facillime
485 1107 642 1154 poterit
684 1106 786 1144 dum
828 1107 919 1145 sola
961 1107 1080 1145 sedet
1122 1108 1188 1145 vel
1223 1118 1321 1146 cum
1353 1119 1437 1146 11110
1470 1108 1638 1146 marito.

85 1180 298 1220 Convivae
335 1191 448 1230 vero,
484 1181 656 1220 etiamsi
688 1192 760 1220 005
792 1192 876 1220 11011
909 1183 1072 1230 timeat,
1110 1185 1255 1220 tamen
1287 1183 1639 1231 appropinquanti

86 1256 317 1295 obstabunt
342 1257 412 1296 vel
439 1257 571 1296 etiam
599 1257 794 1305 ignotum
822 1258 1039 1296 hominem
1068 1259 1185 1296 aditu
1203 1269 1345 1296 arcere
1363 1259 1638 1297 conabuntur.

88 1331 298 1380 Quamdiu
340 1332 402 1370 illi
443 1333 599 1371 adsunt
641 1333 855 1371 Minervae
893 1333 1002 1371 nube
1045 1344 1150 1381 opus
1188 1334 1288 1381 erit3
1323 1334 1523 1382 profectis
1555 1335 1641 1372 iam

86 1417 229 1446 carere
276 1417 326 1446 ea
371 1407 553 1455 Ulysses
600 1408 767 1456 poterit.
818 1408 925 1456 Ergo
974 1412 1047 1446 aut
1094 1409 1198 1446 nihil
1246 1410 1423 1448 interest
1471 1410 1641 1457 Ulyssis

87 1483 275 1522 etiamne
317 1483 460 1522 adsint
502 1484 707 1522 convivae
750 1494 804 1521 an
845 1494 899 1521 ex
937 1483 1111 1522 aedibus
1142 1484 1308 1523 Alcinoi
1341 1485 1534 1533 exierint,
1569 1487 1643 1523 3111

90 1558 169 1596 hoc
209 1559 350 1606 magis
392 1569 414 1597 e
455 1569 500 1597 re
543 1559 634 1597 eius
677 1560 742 1597 est
784 1569 912 1606 quam
955 1559 1069 1597 illud.
1115 1559 1158 1596 Si
1194 1570 1278 1597 non
1310 1560 1401 1608 ipso
1433 1560 1642 1598 adventus

90 1635 294 1682 tempore,
324 1635 369 1672 31
394 1634 598 1682 postridie
625 1644 751 1672 mane
780 1634 936 1672 ibidem
963 1634 1205 1672 Phaeacum
1232 1636 1452 1673 senatores
1469 1635 1640 1683 videbit,

91 1719 196 1756 quos
239 1709 432 1757 cognitos
469 1709 625 1748 habere
659 1719 915 1757 magnopere
948 1709 986 1747 ei
1017 1709 1224 1757 proderit;
1259 1710 1381 1757 idque
1413 1710 1546 1758 patris
1578 1710 1644 1748 sui

91 1784 206 1822 domi
247 1783 339 1822 fieri
379 1795 518 1833 posse,
553 1785 686 1823 immo
718 1785 912 1823 futurum
944 1795 1051 1833 esse,
1087 1785 1280 1823 consulto
1312 1786 1497 1833 prudens
1529 1785 1645 1823 addit

90 1859 232 1908 puella
261 1869 314 1898 ne
345 1860 484 1899 facere
518 1861 627 1908 quod
659 1860 854 1898 iubeatur
886 1860 1041 1907 hospes
1074 1860 1249 1898 dubitet.
1283 1860 1397 1898 Nihil
1430 1871 1527 1908 ergo
1556 1871 1643 1897 mu-

90 1935 270 1974 tandum
302 1945 453 1974 censeo
485 1946 538 1974 ne
570 1938 714 1984 pereat
748 1935 849 1973 illud
885 1936 1102 1985 „cognitos
1134 1935 1350 1973 habebis.’'
