2030 3439
840 355 916 391 117

100 482 188 519 tem
221 481 364 519 videre
396 481 476 518 sibi
510 481 754 519 viderentur
786 482 989 529 Ulyssem
1023 483 1074 520 ad
1107 494 1152 520 56
1183 485 1444 530 111116111111105,
1472 495 1568 521 nam
1600 495 1651 520 vx

100 557 184 594 alia
229 558 349 604 parte
396 556 566 594 aedium
610 558 723 594 certe
766 557 869 595 mali
913 558 1165 596 imminebat
1198 559 1315 596 nihil.
1349 559 1404 596 Ut
1439 559 1490 595 ad
1523 569 1653 606 pauca

99 631 294 670 redeam:
344 641 517 669 versum
561 632 646 669 380
688 632 881 679 spurium
924 643 1088 681 censeo,
1123 643 1257 680 neque
1291 633 1330 671 id
1363 635 1453 671 tam
1488 635 1655 681 propter

99 707 287 745 rationes
318 707 557 755 propositas
589 717 718 754 quam
750 708 858 754 quod
890 709 986 755 post
1019 707 1142 745 illud:

306 781 474 819 πάντοσε
505 782 782 831 παπταίνοντε,
812 782 940 831 φόνον
972 781 1234 834 ποτιδεγμένω
1267 782 1341 822 αἰεὶ

100 858 253 896 statim
284 858 498 906 sequitur:

302 929 522 983 ’πάπτηνεν
555 929 593 971 δ’
625 929 811 979 Ὀδυσεὺς
843 929 932 971 καθ’
969 932 1065 972 §fem
1098 933 1234 983 δόμον,
1264 932 1336 972 κτέ.

159 1009 298 1048 Nimis
341 1009 509 1057 ingrata
551 1009 667 1047 enim
708 1009 780 1047 illa
822 1010 1014 1048 eiusdem
1053 1009 1169 1047 verbi
1203 1010 1422 1057 repetitio;
1457 1012 1499 1047 et
1536 1009 1656 1056 Ulys-

101 1097 194 1125 sem
237 1085 654 1134 circumspicientem
690 1096 764 1133 per
796 1087 935 1123 totum
970 1085 1169 1123 conclave
1208 1086 1244 1123 si
1277 1086 1384 1123 forte
1417 1086 1657 1132 superesset

102 1161 256 1209 aliquis
279 1161 622 1200 adversariorum
650 1162 777 1208 atque
805 1161 848 1198 in
876 1160 1016 1208 aliquo
1036 1160 1303 1199 delitesceret
1322 1160 1475 1207 angulo
1495 1159 1659 1207 egregie

100 1238 203 1276 illud
231 1237 372 1284 decet3
403 1247 532 1285 quam
559 1246 712 1285 parum
742 1237 893 1284 aptum
921 1237 1036 1274 esset
1063 1235 1326 1284 supplicibus
1354 1236 1441 1273 iam
1459 1234 1658 1272 vidimus.

162 1390 245 1428 383
279 1399 369 1436 sqq.
420 1388 563 1427 Oculis
605 1398 704 1435 ergo
748 1388 888 1425 totum
919 1386 1132 1425 lustrabat
1164 1387 1364 1425 conclave
1396 1386 1589 1433 Ulysses,
1624 1385 1661 1422 si

102 1466 211 1504 forte
243 1475 468 1513 procorum
501 1463 655 1510 aliquis
686 1463 814 1500 vivus
846 1462 978 1500 etiam
1011 1462 1221 1510 surripere
1256 1472 1302 1500 se
1335 1462 1580 1499 conaret-ur:

309 1539 399 1586 τοὺς
433 1535 466 1577 δ’
504 1537 636 1577 ἐὶΡιδεν
668 1537 770 1588 μάλα
802 1537 952 1584 πάντας
985 1536 1026 1576 ἐν
1059 1536 1191 1587 αἵματι
1224 1535 1289 1574 καὶ
1321 1536 1474 1589 κονίῃσι

306 1615 516 1661 πεπτεότας
548 1614 716 1661 πολλοὺς
749 1613 800 1660 ὥς
832 1610 857 1652 τ’
894 1613 1051 1664 ἰχθύας,
1084 1612 1153 1659 οὕς
1185 1609 1222 1650 θ’
1269 1610 1398 1662 ἁλιῆες

306 1695 441 1730 κοῖλον
472 1689 510 1738 ἐς
543 1688 721 1742 αἰγιαλὸν
752 1691 891 1739 πολιῆς
922 1687 1084 1727 ἔκτοσθε
1116 1687 1320 1738 θαλάσσης

313 1767 455 1821 δικτύῳ
487 1764 717 1816 ε’κᾶἕέρυσαν.

161 1845 233 1882 Vs.
269 1845 352 1882 384
395 1844 561 1891 haereo,
607 1853 766 1889 vosque
810 1841 915 1879 nihil
949 1842 1179 1878 annotasse
1212 1840 1355 1877 miror.
1390 1839 1553 1886 Ergone
1587 1848 1663 1875 vos

104 1932 188 1960 non
231 1919 408 1959 offendit
448 1918 662 1964 πάντας
695 1917 895 1962 πολλούς’.)
938 1917 1039 1954 Mihi
1072 1916 1174 1953 illud
1209 1915 1280 1952 vix
1314 1916 1355 1952 et
1387 1924 1439 1951 ne
1473 1914 1546 1950 vix
1579 1914 1664 1960 qui-

105 1998 203 2036 dem
249 1996 472 2035 serendum
520 1995 700 2033 videtur.
750 1993 857 2032 Cum
905 1992 1020 2030 enim
1068 1991 1240 2029 omnino
1283 1990 1395 2027 haud
1438 1988 1560 2026 facile
1594 1988 1664 2025 illa

106 2074 217 2111 inter
247 2083 293 2110 se
325 2071 442 2119 iungi
474 2072 655 2119 possunt
687 2069 909 2116 adiectiva,
940 2070 1033 2106 tum
1062 2067 1129 2104 hic
1157 2066 1340 2104 alterum
1375 2065 1508 2102 altero
1536 2063 1667 2110 repel-

106 2148 208 2186 litur
240 2147 550 2195 respuiturque.
587 2145 823 2193 Quominus
856 2143 985 2181 simul
1018 2143 1208 2180 ferantur
1241 2140 1381 2178 obstat
1415 2138 1664 2177 adverbium

108 2223 222 2272 μάλα,
257 2223 367 2270 quod
393 2222 537 2260 versui
569 2231 646 2259 suo
679 2221 789 2258 hanc
821 2220 907 2257 sere
940 2218 1114 2266 praebet
1146 2215 1429 2254 sententiam:
1469 2215 1538 2261 „at
1555 2214 1664 2251 vide-

107 2299 182 2337 bat
227 2298 403 2337 dubium
444 2308 529 2336 non
572 2307 666 2335 esse
700 2296 801 2343 quin
834 2304 984 2332 omnes
1017 2293 1203 2331 iacerent
1237 2291 1488 2328 exanimes”
1527 2285 1566 2332 ¹).
1601 2289 1667 2326 Se—

110 2375 181 2422 qui
228 2384 340 2412 nunc
387 2384 471 2411 non
517 2372 655 2421 possit
696 2370 864 2415 πολλοὺς
907 2369 989 2406 11151
1032 2368 1245 2415 fingamus
1278 2366 1480 2413 Ulyssem
1515 2365 1565 2402 ab
1598 2364 1670 2401 illa

109 2449 460 2498 perscrutatione,
505 2459 635 2496 quam
667 2457 770 2485 suae
802 2444 1047 2484 securitatis
1086 2453 1215 2481 causa
1249 2441 1495 2488 instituerit,
1530 2440 1669 2477 subito
1723 2436 1725 2438 ’

111 2536 158 2564 56
205 2526 256 2563 ad
304 2524 635 2563 admirationem
677 2522 834 2569 stragis
876 2530 900 2557 a
941 2530 987 2557 se
1020 2518 1158 2557 editae
1191 2517 1524 2562 convertentem,
1560 2514 1666 2561 quod

113 2601 323 2640 absonum
369 2601 550 2639 videtur.
598 2600 686 2637 Aut
733 2607 831 2644 ergo
874 2594 1041 2638 πολλούς
1085 2594 1330 2640 corruptum
1369 2592 1445 2637 est,
1481 2591 1554 2627 aut
1588 2599 1669 2626 una

113 2677 187 2715 illa
243 2687 346 2715 voce
401 2675 471 2713 vel
517 2674 710 2713 maxime
758 2670 1034 2710 confirmatur
1081 2667 1213 2706 Fickii
1260 2666 1473 2704 sententia
1520 2673 1669 2701 versus

155 2866 175 2897 ¹)
195 2865 243 2893 De
263 2865 419 2899 peculiari
439 2864 496 2892 illo
521 2864 635 2897 colore⁷
656 2868 751 2896 quem
783 2867 878 2894 saepe
898 2860 978 2891 μάλα
1000 2857 1184 2885 sententiae
1211 2856 1374 2890 praebeat,
1396 2854 1473 2881 olim
1494 2851 1561 2879 dixi
1583 2858 1675 2884 quae-

119 2914 196 2942 dam
216 2913 293 2942 hinc
313 2921 378 2941 non
400 2913 509 2941 aliena
528 2913 562 2940 in
584 2912 668 2939 stud.
687 2909 868 2943 Antiphont.
887 2915 916 2942 p.
937 2908 970 2935 10
991 2914 1058 2940 sqq.
